@preamble{ " \newcommand{\noop}[1]{} " }

@article{Abrahms.2016,
	title 	= {{Lessons from Integrating Behaviour and Resource Selection:
	Activity-Specific Responses of African Wild Dogs to Roads}},
	author 	= {Abrahms, B. and Jordan, N. R. and Golabek, K. A. and McNutt, J. W.
	and Wilson, A. M. and Brashares, J. S.},
	journal = {{Animal Conservation}},
	year 		= {2016},
	volume 	= {19},
	number 	= {3},
	pages 	= {247--255},
}
	note    = {doi: \url{10.1111/acv.12235}},

@article{Abrahms.2017,
	title   = {{Does Wildlife Resource Selection Accurately Inform Corridor
	Conservation?}},
	author  = {Abrahms, Briana and Sawyer, Sarah C. and Jordan, Neil R. and
	McNutt, J. Weldon and Wilson, Alan M. and Brashares, Justin S.},
	journal = {{Journal of Applied Ecology}},
	year    = {2017},
	volume  = {54},
	number  = {2},
	pages   = {412--422},
}
	note    = {doi: \url{10.1111/1365-2664.12714}},

@article{Adriaensen.2003,
	title   = {{The Application of Least-Cost Modelling as a Functional
	Landscape Model}},
	author  = {Adriaensen, F. and Chardon, J.P. and De Blust, G. and Swinnen,
	E. and Villalba, S. and Gulinck, H. and Matthysen, E.},
	journal = {{Landscape and Urban Planning}},
	year    = {2003},
	volume  = {64},
	number  = {4},
	pages   = {233--247},
}
	note    = {doi: \url{10.1016/S0169-2046(02)00242-6}},

@article{Allen.2016,
	title   = {{An Individual-Based Modelling Approach to Estimate Landscape
	Connectivity for Bighorn Sheep (Ovis canadensis)}},
	volume  = {4},
	issn    = {2167-8359},
	doi     = {10.7717/peerj.2001},
	journal = {{PeerJ}},
	author  = {Allen, Corrie H. and Parrott, Lael and Kyle, Catherine},
	year    = {2016},
	pages   = {e2001},
}

@Article{Amt.2019,
  title 	= {{Animal Movement Tools (amt): R Package for Managing Tracking Data
  and Conducting Habitat Selection Analyses}},
  author 	= {Johannes Signer and John Fieberg and Tal Avgar},
  journal = {{Ecology and Evolution}},
  year 		= {2019},
  volume 	= {9},
  pages 	= {880--890},
}
	note    = {doi: \url{10.1002/ece3.4823}},

@article{Armansin.2019,
	title 	= {{Social Barriers in Ecological Landscapes: The Social Resistance
	Hypothesis}},
	author 	= {Armansin, Nicolette C. and Stow, Adam J. and Cantor, Mauricio and
	Leu, Stephan T. and Klarevas-Irby, James A. and Chariton, Anthony A. and
	Farine, Damien R.},
	journal = {{Trends in Ecology \& Evolution}},
	year 		= {2019},
  pages 	= {137--148},
}
	note    = {doi: \url{10.1016/j.tree.2019.10.001}},

@article{Avgar.2016,
	title 			= {{Integrated Step Selection Analysis: Bridging the Gap Between
	Resource Selection and Animal Movement}},
	author 			= {Avgar, Tal and Potts, Jonathan R. and Lewis, Mark A. and Boyce,
	Mark S.},
	journal 		= {{Methods in Ecology and Evolution}},
	year 				= {2016},
	volume 			= {7},
	number 			= {5},
	editor 			= {Börger, Luca},
	pages 			= {619--630},
}
	note    		= {doi: \url{10.1111/2041-210X.12528}},

@article{Avgar.2017,
	title 	= {{Relative Selection Strength: Quantifying Effect Size in Habitat‐ and
	Step‐Selection Inference}},
	author 	= {Avgar, Tal and Lele, Subhash R. and Keim, Jonah L. and Boyce, Mark S.},
	journal = {{Ecology and Evolution}},
	year 		= {2017},
	volume 	= {7},
	number 	= {14},
	pages 	= {5322--5330},
}
	note    		= {doi: \url{10.1002/ece3.3122}},

@article{Barnosky.2012,
	title 	= {{Approaching a State Shift in Earth's Biosphere}},
	author 	= {Barnosky, Anthony D. and Hadly, Elizabeth A. and Bascompte, Jordi
	and Berlow, Eric L. and Brown, James H. and Fortelius, Mikael and Getz, Wayne
	M. and Harte, John and Hastings, Alan and Marquet, Pablo A. and Martinez, Neo
	D. and Mooers, Arne and Roopnarine, Peter and Vermeij, Geerat and Williams,
	John W. and Gillespie, Rosemary and Kitzes, Justin and Marshall, Charles and
	Matzke, Nicholas and Mindell, David P. and Revilla, Eloy and Smith, Adam B.},
	journal = {{Nature}},
	year 		= {2012},
	volume 	= {486},
	number 	= {7401},
	pages 	= {52--58},
}
	note   	= {doi: \url{10.1038/nature11018}},

@article{Behr.2020,
	author 	= {Behr, Dominik M and McNutt, J. Weldon and Ozgul, Arpat and Cozzi,
	Gabriele },
	title   = {{When to Stay and When to Leave? Proximate Causes of Dispersal in
	an Endangered Social Carnivore}},
	year    = {2020},
	journal = {{Journal of Animal Ecology}},
	note 		= {In press}
}

@article{Beier.2008,
	title 	= {{Forks in the Road: Choices in Procedures for Designing Wildland
	Linkages}},
	author 	= {Beier, Paul and Majka, Daniel R. and Spencer, Wayne D.},
	journal = {{Conservation Biology}},
	year 		= {2008},
	volume 	= {22},
	number 	= {4},
	pages 	= {836--851},
}
	note   	= {doi: \url{10.1111/j.1523-1739.2008.00942.x}},

@article{Beier.2011,
	title 	= {{Toward Best Practices for Developing Regional Connectivity Maps}},
	author 	= {Beier, Paul and Spencer, Wayne and Baldwin, Robert F. and McRae,
	Brad H.},
	journal = {{Conservation Biology}},
	year 		= {2011},
	volume 	= {25},
	number 	= {5},
	pages 	= {879--892},
}
	note   	= {doi: \url{10.1111/j.1523-1739.2011.01716.x}},

@article{Benz.2016,
	title      = {{Dispersal Ecology Informs Design of Large-Scale Wildlife
	Corridors}},
	author     	= {Benz, Robin A. and Boyce, Mark S. and Thurfjell, Henrik and
	Paton, Dale G. and Musiani, Marco and Dormann, Carsten F. and Ciuti, Simone},
	editor     	= {Apollonio, Marco},
	journal    	= {{PLOS ONE}},
	year       	= {2016},
	volume     	= {11},
	number     	= {9},
	pages      	= {e0162989},
}
	note				= {doi: \url{10.1371/journal.pone.0162989}},

@article{Bonyongo.2005,
	title 	= {{Habitat Utilization by Impala (Aepyceros memmpus) in the Okavango
	Delta}},
	volume 	= {37},
	number 	= {1},
	journal = {{Botswana Notes \& Records}},
	author 	= {Bonyongo, C. M.},
	year 		= {2005},
	pages 	= {227--235}
}

@incollection{Borger.2012,
	booktitle = {{Dispersal Ecology and Evolution}},
	title 		= {{Quantifying Individual Differences in Dispersal Using Net Squared
	Displacement}},
	author 		= {Börger, Luca and Fryxell, John},
	editor 		= {Clobert, Jean and Baguette, Michel and Benton, Tim G. and
	Bullock, James M.},
	publisher = {Oxford University Press},
	year      = {2012},
  address   = {Oxford, UK},
}

@article{Bunnefeld.2011,
	title   = {{A Model-Driven Approach to Quantify Migration Patterns:
	Individual, Regional and Yearly Differences: Quantifying Migration Patterns}},
	author 	= {Bunnefeld, Nils and Börger, Luca and van Moorter, Bram and
	Rolandsen, Christer M. and Dettki, Holger and Solberg, Erling Johan and
	Ericsson, Göran},
	journal	= {{Journal of Animal Ecology}},
	year   	= {2011},
	volume 	= {80},
	number 	= {2},
	pages   = {466--476},
}
	note		= {doi: \url{10.1111/j.1365-2656.2010.01776.x}},

@article{Boyce.2002,
	title     = {{Evaluating Resource Selection Functions}},
	author    = {Boyce, Mark S. and Vernier, Pierre R. and Nielsen, Scott E. and
	Schmiegelow, Fiona K. A.},
	journal   = {{Ecological Modelling}},
	year      = {2002},
	volume    = {157},
	number    = {2-3},
	pages     = {281--300},
}
	note			= {doi: \url{10.1016/S0304-3800(02)00200-4}},

@article{Bowler.2005,
	title 			= {{Causes and Consequences of Animal Dispersal Strategies: Relating
	Individual Behaviour to Spatial Dynamics}},
	author 			= {Bowler, Diana E. and Benton, Tim G.},
	journal 		= {{Biological Reviews}},
	year 				= {2005},
	volume 			= {80},
	number 			= {2},
	pages     	= {205--225},
}
	note				= {doi: \url{10.1017/S1464793104006645}},


@article{Brennan.2020,
	author 	= {Brennan, A. and Beytell, P. and Aschenborn, O. and Du Preez, P. and
	Funston, P.J. and Hanssen, L. and Kilian, J.W. and Stuart‐Hill, G. and Taylor,
	R.D. and Naidoo, R.},
	title 	= {{Characterizing Multispecies Connectivity Across a Transfrontier
	Conservation Landscape}},
	journal = {{Journal of Applied Ecology}},
	volume	= {57},
	year 		= {2020},
	pages 	= {1700--1710},
}
	note				= {doi: \url{10.1111/1365-2664.13716}},

@article{Broekhuis.2013,
	title 	= {{Risk Avoidance in Sympatric Large Carnivores: Reactive or
	Predictive?}},
	author 	= {Broekhuis, Femke and Cozzi, Gabriele and Valeix, Marion and McNutt,
	John W. and Macdonald, David W.},
	editor 	= {Fryxell, John},
	journal = {{Journal of Animal Ecology}},
	year 		= {2013},
	volume 	= {82},
	number 	= {5},
	pages 	= {1098--1105},
}
	note		= {doi: \url{10.1111/1365-2656.12077}},

@article{Broekhuis.2019,
	title 	= {{Predators and Pastoralists: How Anthropogenic Pressures inside
	author 	= {Broekhuis, F. and Madsen, E. K. and Klaassen, B.},
	Wildlife Areas Influence Carnivore Space Use and Movement Behaviour}},
	editor 	= {Young, Julie},
	journal = {{Animal Conservation}},
	year 		= {2019},
	volume 	= {22},
	number 	= {4},
	pages 	= {404-416},
}
	note		= {doi: \url{10.1111/acv.12483}},

@article{Brown.1977,
	title 			= {{Turnover Rates in Insular Biogeography: Effect of Immigration
	on Extinction}},
	author 			= {Brown, James H. and Kodric-Brown, Astrid},
	journal 		= {{Ecology}},
	year 				= {1977},
	volume 			= {58},
	number 			= {2},
	pages 			= {445--449},
}
	note				= {doi: \url{10.2307/1935620}},

@book{Burnham.2002,
	title 			= {{Model Selection and Multimodel Inference: A Practical
	Information-Theoretic Approach}},
	publisher 	= {{Springer Science \& Business Media}},
	address 		= {Ney York, NY, USA},
	author 			= {Burnham, Kenneth P. and Anderson, David R.},
	year 				= {2002}
}

@article{Calenge.2019,
  title 	= {{The Package adehabitat for the R Software: Tool For the Analysis of
  Space and Habitat Use by Animals}},
  journal = {{Ecological Modelling}},
  volume 	= {197},
  pages 	= {1035},
  year 		= {2006},
  author 	= {C. Calenge},
}

@article{Carroll.2012,
	title 	= {{Use of Linkage Mapping and Centrality Analysis Across Habitat
	Gradients to Conserve Connectivity of Gray Wolf Populations in Western North
	America: Centrality and Habitat Connectivity}},
	author 	= {Carroll, Carlos and McRAE, Brad H. and Brookes, Allen},
	journal = {{Conservation Biology}},
	year 		= {2012},
	volume 	= {26},
	number 	= {1},
	pages 	= {78--87},
}
	note		= {doi: \url{10.1111/j.1523-1739.2011.01753.x}},

@article{Chen.2015,
	title 		= {{Global Land Cover Mapping at 30m Resolution: A POK-Based
	Operational Approach}},
	author 		= {Chen, Jun and Chen, Jin and Liao, Anping and Cao, Xin and Chen,
	Lijun and Chen, Xuehong and He, Chaoying and Han, Gang and Peng, Shu and Lu,
	Miao},
	journal 	= {{ISPRS Journal of Photogrammetry and Remote Sensing}},
	year 			= {2015},
	volume 		= {103},
	pages 		= {7--27},
}
	note			= {doi: \url{10.1016/j.isprsjprs.2014.09.002}},

@article{Chetkiewicz.2006,
	title 	= {{Corridors for Conservation: Integrating Pattern and Process}},
	author 	= {Chetkiewicz, Cheryl-Lesley B. and St. Clair, Colleen Cassady and
	Boyce, Mark S.},
	journal = {{Annual Review of Ecology, Evolution, and Systematics}},
	year 		= {2006},
	volume 	= {37},
	number 	= {1},
	pages 	= {317-342},
}
	note		= {doi: \url{10.1146/annurev.ecolsys.37.091305.110050}},

@article{Clevenger.2002,
	title 	= {{GIS‐Generated, Expert‐Based Models for Identifying Wildlife Habitat
	Linkages and Planning Mitigation Passages}},
	author 	= {Clevenger, Anthony P. and Wierzchowski, Jack and Chruszcz, Bryan
	and Gunson, Kari},
	journal = {{Conservation Biology}},
	year 		= {2002},
	volume 	= {16},
	number 	= {2},
	pages 	= {503--514},
}
	note		= {doi: \url{10.1046/j.1523-1739.2002.00328.x}},

@book{Clobert.2012,
	title      = {{Dispersal Ecology and Evolution}},
	author     = {Clobert, Jean and Baguette, Michel and Benton, Tim G. and
	Bullock, James M.},
	publisher  = {Oxford University Press},
	year       = {2012},
  address    = {Oxford, UK},
}

@article{Courchamp.2001,
	title      	= {{Crucial Importance of Pack Size in the African Wild Dog Lycaon
	pictus}},
	author     	= {Courchamp, Franck and Macdonald, David W.},
	journal    	= {{Animal Conservation}},
	year       	= {2001},
	pages      	= {169--174},
	volume     	= {4},
	number     	= {2},
}
	note				= {doi: \url{10.1017/S1367943001001196}},

@article{Cozzi.2012,
	title 			= {{Fear of the Dark or Dinner by Moonlight? Reduced Temporal
	Partitioning among Africa's Large Carnivores}},
	author 			= {Cozzi, Gabriele and Broekhuis, Femke and McNutt, John W. and
	Turnbull, Lindsay A. and Macdonald, David W. and Schmid, Bernhard},
	journal 		= {{Ecology}},
	year 				= {2012},
	volume 			= {93},
	number 			= {12},
	pages 			= {2590--2599},
}
	note				= {doi: \url{10.1890/12-0017.1}},

@article{Cozzi.2013,
	title     = {{Comparison of the Effects of Artificial and Natural Barriers on
	Large African Carnivores: Implications for Interspecific Relationships and
	Connectivity}},
	author    = {Cozzi, Gabriele and Broekhuis, Femke and McNutt, J. Weldon and
	Schmid, Bernhard},
	editor    = {Fryxell, John},
	journal   = {{Journal of Animal Ecology}},
	year      = {2013},
	volume    = {82},
	number    = {3},
	pages     = {707--715},
}
	note			= {doi: \url{10.1111/1365-2656.12039}},

@phdthesis{Cozzi.2013b,
	title      = {{Patterns of Habitat Use and Segregation among African Large
	Carnivores}},
	type       = {{PhD Thesis}},
	author     = {Cozzi, Gabriele},
	year       = {2013},
	school     = {University of Zurich},
	address    = {Zurich},
}

@article{Cozzi.2016,
	title 	= {{Anthropogenic Food Resources Foster the Coexistence of Distinct
	Life History Strategies: Year‐Round Sedentary and Migratory Brown Bears}},
	author 	= {Cozzi, Gabriele and Chynoweth, Mark and Kusak, Josip and Coban,
	Emrah and Çoban, Aysegül and Ozgul, Arpat and Sekercioglu, CH},
	journal = {{Journal of Zoology}},
	year 		= {2016},
	volume 	= {300},
	number 	= {2},
	pages 	= {142--150},
}
	note		= {doi: \url{10.1111/jzo.12365}},

@article{Cozzi.2018,
	title 		= {{Socially Informed Dispersal in a Territorial Cooperative
	Breeder}},
	author 		= {Cozzi, Gabriele and Maag, Nino and Börger, Luca and Clutton-Brock,
	Tim H. and Ozgul, Arpat},
	editor 		= {Street, Garrett},
	journal 	= {{Journal of Animal Ecology}},
	year 			= {2018},
	volume 		= {87},
	number 		= {3},
	pages 		= {838--849},
}
	note			= {doi: \url{10.1111/1365-2656.12795}},

@article{Cozzi.2020,
	title 	= {{African Wild Dog Dispersal and Implications for Management}},
	author 	= {Cozzi, Gabriele and Behr, Dominik M. and Webster, Hugh S. and
	Claase, Megan and Bryce, Caleb M. and Modise, Boitshepho and Mcnutt, John W.
	and Ozgul, Arpat},
	journal = {{The Journal of Wildlife Management}},
	year 		= {2020},
	volume 	= {84},
	number 	= {4},
	pages 	= {614--621},
}
	note		= {doi: \url{10.1002/jwmg.21841}},

@article{Creel.1996,
	title 	= {{Limitation of African Wild Dogs by Competition with Larger
	Carnivores}},
	author 	= {Creel, Scott and Creel, Nancy Marusha},
	journal = {{Conservation Biology}},
	year 		= {1996},
	volume 	= {10},
	number 	= {2},
	pages 	= {526--538},
}
	note		= {doi: \url{10.1046/j.1523-1739.1996.10020526.x}},

@article{Creel.1998,
	title 	= {{Six Ecological Factors that May Limit African Wild Dogs (Lycaon
	pictus)}},
	author 	= {Creel, Scott and Creel, Nancy Marusha},
	journal = {{Animal Conservation}},
	year 		= {1998},
	volume 	= {1},
	number 	= {1},
	pages 	= {1--9},
}
	note		= {doi: \url{10.1111/j.1469-1795.1998.tb00220.x}},

@book{Creel.2002,
	title      	= {{The African Wild Dog: Behavior, Ecology, and Conservation}},
	publisher  	= {Princeton University Press},
	address 		= {Princeton, NJ, USA},
	author     	= {Creel, Scott and Creel, Nancy Marusha},
	year       	= {2002}
}

@article{Cushman.2010,
	title     = {{Movement Behavior Explains Genetic Differentiation in American
	Black Bears}},
	author    = {Cushman, Samuel A. and Lewis, Jesse S.},
	journal   = {{Landscape Ecology}},
	year      = {2010},
	volume    = {25},
	number    = {10},
	pages     = {1613--1625},
}
	note			= {doi: \url{10.1007/s10980-010-9534-6}},

@article{Cushman.2018,
	title 	= {{Prioritizing Core Areas, Corridors and Conflict Hotspots for Lion
	Conservation in Southern Africa}},
	author 	= {Cushman, Samuel A. and Elliot, Nicholas B. and Bauer, Dominik and
	Kesch, Kristina and Bahaa-el-din, Laila and Bothwell, Helen and Flyman,
	Michael and Mtare, Godfrey and Macdonald, David W. and Loveridge, Andrew J.},
	journal = {{PLOS ONE}},
	year 		= {2018},
	volume 	= {13},
	number 	= {7},
	pages 	= {e0196213},
}
	note		= {doi: \url{10.1371/journal.pone.0196213}},

@article{DaviesMostert.2012,
	title     = {{Long--Distance Transboundary Dispersal of African Wild Dogs
	among Protected Areas in Southern Africa}},
	author    = {Davies--Mostert, Harriet T. and Kamler, Jan F. and Mills, Michael
	G. L. and Jackson, Craig R. and Rasmussen, Gregory S. A. and Groom, Rosemary
	J. and Macdonald, David W.},
	journal   = {{African Journal of Ecology}},
	year      = {2012},
	volume    = {50},
	number    = {4},
	pages     = {500--506},
}
	note			= {doi: \url{10.1111/j.1365-2028.2012.01335.x}},

@article{Dimiceli.2015,
  title		=	{{MOD44B MODIS/Terra Vegetation Continuous Fields Yearly L3 Global
  250m SIN Grid v006}},
  author	=	{Dimiceli, C and Carroll, M and Sohlberg, R and Kim, DH and Kelly, M
  and Townshend, JRG},
  journal	=	{{NASA EOSDIS Land Processes DAAC}},
  year		=	{2015},
	note 		= {Accessed 2019-11-12 from
	\url{https://doi.org/10.5067/MODIS/MOD44B.006}}
}

@article{Dijkstra.1959,
	title 	= {{A Note on Two Problems in Connexion with Graphs}},
	author 	= {Dijkstra, Edsger W.},
	journal = {{Numerische Mathematik}},
	year 		= {1959},
	volume 	= {1},
	number 	= {1},
	pages 	= {269--271},
}
	note		= {doi: \url{10.1007/BF01386390}},

@article{Diniz.2020,
	title 	= {{Landscape Connectivity Modeling From the Perspective of Animal
	Dispersal}},
	author 	= {Diniz, Milena F. and Cushman, Samuel A. and Machado, Ricardo B. and
	De Marco Júnior, Paulo},
	journal = {{Landscape Ecology}},
	year 		= {2019},
	number 	= {35},
	pages 	= {41--58},
}
	note		= {doi: \url{10.1007/s10980-019-00935-3}},

@article{Doerr.2011,
	title 	= {{Connectivity, Dispersal Behaviour and Conservation under Climate
	Change: A Response to Hodgson et al.: Connectivity and Dispersal Behaviour}},
	author 	= {Doerr, Veronica A. J. and Barrett, Tom and Doerr, Erik D.},
	journal = {{Journal of Applied Ecology}},
	year 		= {2011},
	volume 	= {48},
	number 	= {1},
	pages 	= {143--147},
}
	note		= {doi: \url{10.1111/j.1365-2664.2010.01899.x}},

@article{Elliot.2014,
	title   = {{The Devil is in the Dispersers: Predictions of Landscape
	Connectivity Change with Demography}},
	author  = {Elliot, Nicholas B. and Cushman, Samuel A. and Macdonald, David
	W. and Loveridge, Andrew J.},
	editor  = {Pettorelli, Nathalie},
	journa  = {{Journal of Applied Ecology}},
	year    = {2014},
	volume  = {51},
	number  = {5},
	pages   = {1169--1178},
}
	note		= {doi: \url{10.1111/1365-2664.12282}},

@misc{ESA.2019,
	title 	= {{CCI Land Cover – S2 Prototype Land Cover 20m
	Map of Africa 2016}},
 	year  	= {2019},
  note 		= {Accessed 2019-11-12 from
  \url{http://2016africalandcover20m.esrin.esa.int/viewer.php}},
	author 	= {{European Space Agency}}
}

@misc{Facebook.2019,
	title		= {{High Resolution Population Density Maps}},
 	year  	= {2019},
	author	= {Facebook},
	note 		= {Accessed 2019-11-12 from
	\url{https://data.humdata.org/dataset/highresolutionpopulationdensitymaps}}
}

@article{Fahrig.2003,
	title 	= {{Effects of Habitat Fragmentation on Biodiversity}},
	author 	= {Fahrig, Lenore},
	journal = {{Annual Review of Ecology, Evolution, and Systematics}},
	year 		= {2003},
	volume 	= {34},
	number 	= {1},
	pages 	= {487--515},
}
	note		= {doi: \url{10.1146/annurev.ecolsys.34.011802.132419}},

@article{Fattebert.2015,
	title 	= {{Structural Habitat Predicts Functional Dispersal Habitat of a Large
	Carnivore: How Leopards Change Spots}},
	author 	= {Fattebert, Julien and Robinson, Hugh S. and Balme, Guy and Slotow,
	Rob and Hunter, Luke},
	journal = {{Ecological Applications}},
	year 		= {2015},
	volume 	= {25},
	number 	= {7},
	pages 	= {1911--1921},
}
	note		= {doi: \url{10.1890/14-1631.1}},

@article{Forester.2009,
	title 			= {{Accounting for Animal Movement in Estimation of Resource
	Selection Functions: Sampling and Data Analysis}},
	author 			= {Forester, James D. and Im, Hae Kyung and Rathouz, Paul J.},
	journal 		= {{Ecology}},
	year 				= {2009},
	volume 			= {90},
	number 			= {12},
	pages 			= {3554--3565},
}
	note				= {doi: \url{10.1890/08-0874.1}},

@article{Fortin.2005,
	title      = {{Wolves Influence Elk Movements: Behavior Shapes a Trophic
	Cascade in Yellowstone National Park}},
	author     = {Fortin, Daniel and Beyer, Hawthorne L. and Boyce, Mark S. and
	Smith, Douglas W. and Duchesne, Thierry and Mao, Julie S.},
	journal    = {{Ecology}},
	year       = {2005},
	volume     = {86},
	number     = {5},
	pages      = {1320--1330},
}
	note			 = {doi: \url{10.1890/04-0953}},

@article{Fortin.2009,
	title    	= {{Group-Size-Mediated Habitat Selection and Group Fusion–Fission
	Dynamics of Bison under Predation Risk}},
	author   	= {Fortin, Daniel and Fortin, Marie-Eve and Beyer, Hawthorne L. and
	Duchesne, Thierry and Courant, Sabrina and Dancose, Karine},
	journal  	= {{Ecology}},
	year     	= {2009},
	volume   	= {90},
	number   	= {9},
	pages    	= {2480--2490},
}
	note			= {doi: \url{10.1890/08-0345.1}},

@article{Frame.1979,
	title    	= {{Social Organization of African Wild Dogs (Lycaon pictus) on the
	Serengeti Plains, Tanzania}},
	author   	= {Frame, Lory Herbison and Malcolm, James R. and Frame, George W.
	and Van Lawick, Hugo},
	journal  	= {{Zeitschrift für Tierpsychologie}},
	year     	= {1979},
	volume   	= {50},
	number   	= {3},
	pages   	= {225--249},
}
	note			= {doi: \url{10.1111/j.1439-0310.1979.tb01030.x}},

@book{Frankham.2002,
	title 		= {{Introduction to Conservation Genetics}},
	publisher = {Cambridge University Press},
	address 	= {Cambridge, UK},
	author 		= {Frankham, Richard and Briscoe, David A. and Ballou, Jonathan D.},
	year 			= {2002}
}

@incollection{Fuller.1992,
	title      = {{Population Dynamics of African Wild Dogs}},
	booktitle  = {Wildlife 2001: Populations},
	publisher  = {Springer},
	author     = {Fuller, Todd K. and Kat, Pieter W. and Bulger, John B. and
	Maddock, Anthony H. and Ginsberg, Joshua R. and Burrows, Roger and Mcnutt, J.
	Weldon and Mills, M. G. L.},
	year       = {1992},
	pages      = {1125--1139},
	address 	 = {Dordrecht, NLD}
}

@misc{OpenStreetMap.2019,
	author	= {{Open Street Map}},
	title	 	= {{Planet dump retrieved from https://planet.osm.org}},
	note 		= {Accessed 2019-11-12 from \url{https://www.openstreetmap.org}},
	year 		= {2019},
}

@misc{Geofabrik.2019,
	title 	= {Geofabrik},
 	note 		= {Accessed 2019-11-12 from \url{http://www.geofabrik.de/}},
	year 		= {2019},
}

@article{Gumbricht.2004,
	title 	= {{Forecasting the Spatial Extent of the Annual Flood in the Okavango
	Delta, Botswana}},
	author 	= {Gumbricht, T and Wolski, P and Frost, P and McCarthy, T.S},
	journal = {{Journal of Hydrology}},
	year 		= {2004},
	volume 	= {290},
	number 	= {3-4},
	pages 	= {178--191},
}
	note		= {doi: \url{10.1016/j.jhydrol.2003.11.010}},

@article{Hanski.1998,
	title    = {{Metapopulation Dynamics}},
	author   = {Hanski, Ilkka},
	journal  = {{Nature}},
	year     = {1998},
	volume   = {396},
	number   = {6706},
	pages    = {41--49},
}
	note		 = {doi: \url{10.1038/23876}},

@article{Hauenstein.2019,
	title 	= {{Calibrating an Individual‐Based Movement Model to Predict Functional
	Connectivity for Little Owls}},
	author 	= {Hauenstein, Severin and Fattebert, Julien and Grüebler, Martin U.
	and Naef‐Daenzer, Beat and Pe'er, Guy and Hartig, Florian},
	journal = {[Ecological Applications]},
	volume 	= {29},
	number 	= {4},
	year 		= {2019},
	pages 	= {e01873},
}
	note		 = {doi: \url{10.1002/eap.1873}},

@article{Heller.2009,
	title 	= {{Biodiversity Management in the Face of Climate Change: A Review of
	22 Years of Recommendations}},
	author 	= {Heller, Nicole E. and Zavaleta, Erika S.},
	journal = {{Biological Conservation}},
	year 		= {2009},
	volume 	= {142},
	number 	= {1},
	pages 	= {14--32},
}
	note		= {doi: \url{10.1016/j.biocon.2008.10.006}},

@book{Kenward.2000,
	title 		= {{A Manual for Wildlife Radio Tagging}},
	isbn 			= {0-08-057420-3},
	publisher = {{Academic Press}},
	author 		= {Kenward, Robert E.},
	year 			= {2000}
}

@article{Killeen.2014,
  title			=	{{Habitat Selection during Ungulate Dispersal and Exploratory
  Movement at Broad and Fine Scale with Implications for Conservation
  Management}},
  author		=	{Killeen, Joshua and Thurfjell, Henrik and Ciuti, Simone and Paton,
  Dale and Musiani, Marco and Boyce, Mark S},
  journal		=	{{Movement Ecology}},
  publisher	= {BioMed Central},
  year			=	{2014},
  volume		=	{2},
  number		=	{1},
  pages			=	{15},
}
	note			= {doi: \url{10.1186/s40462-014-0015-4}},

@article{Koen.2010,
	title 	= {{The Effect of Map Boundary on Estimates of Landscape Resistance to
	Animal Movement}},
	author 	= {Koen, Erin L. and Garroway, Colin J. and Wilson, Paul J. and
	Bowman, Jeff},
	journal = {{PlOS ONE}},
	year 		= {2010},
	volume 	= {5},
	number 	= {7},
	pages 	= {e11785},
}
	note		= {doi: \url{10.1371/journal.pone.0011785}},

@article{Koen.2014,
	title   = {{Landscape Connectivity for Wildlife: Development and Validation of
	Multispecies Linkage Maps}},
	volume  = {5},
	doi     = {10.1111/2041-210X.12197},
	number  = {7},
	journal = {{Methods in Ecology and Evolution}},
	author  = {Koen, Erin L. and Bowman, Jeff and Sadowski, Carrie and Walpole,
	Aaron A.},
	editor  = {Tatem, Andrew},
	year    = {2014},
	pages   = {626--633},
}
	note		= {doi: \url{10.1111/2041-210X.12197}},

@article{Latham.2011,
	title 		= {{Movement Responses by Wolves to Industrial Linear Features and
	Their Effect on Woodland Caribou in Northeastern Alberta}},
	author 		= {Latham, A. David M. and Latham, M. Cecilia and Boyce, Mark S. and
	Boutin, Stan},
	journal 	= {{Ecological Applications}},
	year 			= {2011},
	volume 		= {21},
	number 		= {8},
	pages 		= {2854--2865},
}
	note			= {doi: \url{10.1890/11-0666.1}},

@article{Leigh.2012,
	title 	= {{Loss of Genetic Diversity in an Outbreeding Species: Small
	Population Effects in the African Wild Dog (Lycaon pictus)}},
	journal = {{Conservation Genetics}},
	author 	= {Leigh, Kellie A. and Zenger, Kyall R. and Tammen, Imke and Raadsma, Herman W.},
	year 		= {2012},
	volume 	= {13},
	number 	= {3},
	pages 	= {767--777},
}
	note		= {doi: \url{10.1007/s10592-012-0325-2}},

@book{Lindenmayer.2013,
	title 		= {{Habitat Fragmentation and Landscape Change: An Ecological and Conservation Synthesis}},
	publisher = {{Island Press}},
	author 		= {Lindenmayer, David B. and Fischer, Joern},
	year 			= {2013},
	address 	= {Washington DC, USA},
}

@book{MacArthur.2001,
	title 		= {{The Theory of Island Biogeography}},
	volume 		= {1},
	publisher = {{Princeton University Press}},
	address 	= {Princeton, New Jersey, USA},
	author 		= {MacArthur, Robert H. and Wilson, Edward O.},
	year 			= {2001}
}

@article{Masenga.2016,
	title   = {{Insights into Long-Distance Dispersal by African Wild Dogs in East
	Africa}},
	author  = {Masenga, Emmanuel H. and Jackson, Craig R. and Mjingo, Ernest E.
	and Jacobson, Andrew and Riggio, Jason and Lyamuya, Richard D. and Fyumagwa,
	Robert D. and Borner, Markus and Røskaft, Eivin},
	journal = {{African Journal of Ecology}},
	year    = {2016},
	volume  = {54},
	number  = {1},
	pages   = {95--98},
}
	note		= {doi: \url{10.1111/aje.12244}},

@book{Mendelsohn.2010,
  title 		= {{Okavango Delta: Floods of Life}},
	address 	= {Gland, Switzerland and Maun, Botswana},
  author 		= {Mendelsohn, John M and Vanderpost, Cornelis and Ramberg, Lars and
  Murray-Hudson, Mike and Wolski, Pieter and Mosepele, Ketlhatlogile},
  year 			= {2010},
  publisher = {IUCN, Harry Oppenheimer Okavango Research Centre}
}

@article{McCarthy.1998,
	title    = {{Observations on the Hydrology and Geohydrology of the Okavango
	Delta}},
	author   = {McCarthy, Terence S. and Bloem, A. and Larkin, P. A.},
	journal  = {{South African Journal of Geology}},
	year     = {1998},
	volume   = {101},
	number   = {2},
	pages    = {101--117}
}

@article{McClure.2016,
	title     = {{Connecting Models to Movements: Testing Connectivity Model
	Predictions against Empirical Migration and Dispersal Data}},
	author    = {McClure, Meredith L. and Hansen, Andrew J. and Inman, Robert M.},
	journal   = {{Landscape Ecology}},
	year      = {2016},
	volume    = {31},
	number    = {7},
	pages     = {1419--1432},
}
	note			= {doi: \url{10.1007/s10980-016-0347-0}},

@article{McNutt.1996,
	title    	= {{Sex-Biased Dispersal in African Wild Dogs (Lycaon pictus)}},
	journal  	= {{Animal Behaviour}},
	author   	= {McNutt, J.Weldon},
	year     	= {1996},
	volume   	= {52},
	number   	= {6},
	pages    	= {1067--1077},
}
	note			= {doi: \url{10.1006/anbe.1996.0254}},

@article{McNutt.2008,
	title 	= {{Pup Production, Sex Ratios, and Survivorship in African Wild Dogs
	(Lycaon pictus)}},
	author 	= {McNutt, J. Weldon and Silk, Joan B.},
	journal = {{Behavioral Ecology and Sociobiology}},
	year 		= {2008},
	volume 	= {62},
	number 	= {7},
	pages 	= {1061--1067},
}
	note		= {doi: \url{10.1007/s00265-007-0533-9}},

@article{Mills.1997,
	title 	= {{Factors Affecting the Density and Distribution of Wild Dogs in the
	Kruger National Park}},
	author 	= {Mills, Michael G. L. and Gorman, Martyn L.},
	journal = {{Conservation Biology}},
	year 		= {1997},
	volume 	= {11},
	number 	= {6},
	pages 	= {1397--1406},
}
	note		= {doi: \url{10.1046/j.1523-1739.1997.96252.x}},

@Article{Mollie.2017,
  author 	= {Mollie E. Brooks and Kasper Kristensen and Koen J. {van Benthem}
  and Arni Magnusson and Casper W. Berg and Anders Nielsen and Hans J. Skaug and
  Martin Maechler and Benjamin M. Bolker},
  title 	= {{glmmTMB Balances Speed and Flexibility among Packages for
  Zero-Inflated Generalized Linear Mixed Modeling}},
  year 		= {2017},
  journal = {{The R Journal}},
  pages 	= {378--400},
  volume 	= {9},
  number 	= {2},
}

@article{Muff.2020,
	title 	= {{Accounting for Individual-Specific Variation in Habitat-Selection
	Studies: Efficient Estimation of Mixed-Effects Models Using Bayesian or
	Frequentist Computation}},
	author 	= {Muff, Stefanie and Signer, Johannes and Fieberg, John},
	journal = {{Journal of Animal Ecology}},
	year 		= {2020},
	volume 	= {89},
	number 	= {1},
	pages 	= {80--92},
}
	note		= {doi: \url{10.1111/1365-2656.13087}},

@article{Nathan.2001,
	title    	= {{The Challenges of Studying Dispersal}},
	author   	= {Nathan, Ran},
	journal  	= {{Trends in Ecology \& Evolution}},
	year     	= {2001},
	volume   	= {16},
	number   	= {9},
	pages    	= {481--483},
}
	note			= {doi: \url{10.1073/pnas.0808918105}},

@article{Ndaimani.2016,
	title 		= {{An Ecological Paradox: The African Wild Dog (Lycaon pictus) Is not
	Attracted to Water Points when Water Is Scarce in Hwange National Park,
	Zimbabwe}},
	author 		= {Ndaimani, Henry and Tagwireyi, Paradzayi and Sebele, Lovelater and
	Madzikanda, Hillary},
	editor 		= {Allen, Benjamin Lee},
	journal 	= {{PLOS ONE}},
	year 			= {2016},
	volume 		= {11},
	number 		= {1},
	pages 		= {e0146263},
}
	note			= {doi: \url{10.1371/journal.pone.0146263}},

@article{Ogutu.2014,
	title 	= {{Large Herbivore Responses to Surface Water and Land Use in an East
	African Savanna: Implications for Conservation and Human-Wildlife Conflicts}},
	author 	= {Ogutu, Joseph O. and Reid, Robin S. and Piepho, Hans-Peter and
	Hobbs, Nicholas T. and Rainy, Michael E. and Kruska, Russell L. and Worden,
	Jeffrey S. and Nyabenge, Meshack},
	journal = {{Biodiversity and Conservation}},
	volume 	= {23},
	number 	= {3},
	year 		= {2014},
	pages 	= {573--596},
}
	note		= {doi: \url{10.1007/s10531-013-0617-y}},

@article{Oneill.2020,
	title 	= {{What Wild Dogs Want: Habitat Selection Differs across Life Stages
	and Orders of Selection in a Wide-Ranging Carnivore}},
	author 	= {O'Neill, Helen M. K. and Durant, Sarah M. and Woodroffe, Rosie},
	journal = {{BMC Zoology}},
	volume 	= {5},
	number 	= {1},
	year 		= {2020},
}
	note		= {doi: \url{10.1186/s40850-019-0050-0}},

@misc{ORI.2019,
	title 	= {{Monitoring and Forecasting}},
 	year  	= {2019},
  note 		= {Accessed 2019-11-12 from
  \url{http://www.okavangodata.ub.bw/ori/monitoring/flood_maps/#}},
	author 	= {{Okavango Research Institute}}
}

@article{Osipova.2019,
	title 	= {{Using Step‐Selection Functions to Model Landscape Connectivity for
	African Elephants: Accounting for Variability across Individuals and
	Seasons}},
	author 	= {Osipova, L. and Okello, M. M. and Njumbi, S. J. and Ngene, S. and
	Western, D. and Hayward, M. W. and Balkenhol, N.},
	journal = {{Animal Conservation}},
	volume 	= {22},
	number 	= {1},
	year 		= {2019},
	pages 	= {35--48},
}
	note		= {doi: \url{10.1111/acv.12432}},

@article{Osofsky.1996,
	title 		= {{Immobilization of Free-Ranging African Wild Dogs (Lycaon pictus)
	Using a Ketamine/xylazine/Atropine Combination}},
	author 		= {Steven A. Osofsky and John W. McNutt and Karen J. Hirsch},
	journal 	= {{Journal of Zoo and Wildlife Medicine}},
	year 			= {1996},
	volume 		= {27},
	number 		= {4},
	pages 		= {528--532},
}
	note			= {doi: \url{10.2307/20095618}},


@article{Palomares.2000,
	title 	= {{Iberian Lynx in a Fragmented Landscape: Predispersal, Dispersal,
	and Postdispersal Habitats}},
	volume 	= {14},
	author 	= {Palomares, F. and Delibes, M. and Ferreras, P. and Fedriani, J. M.
	and Calzada, J. and Revilla, E.},
	journal = {{Conservation Biology}},
	number 	= {3},
	year 		= {2000},
	pages 	= {809--818},
}
	note		= {doi: \url{10.1046/j.1523-1739.2000.98539.x}},


@article{Panzacchi.2016,
	title 		= {{Predicting the Continuum Between Corridors and Barriers to Animal
	Movements Using Step Selection Functions and Randomized Shortest Paths}},
	author 		= {Panzacchi, Manuela and Van Moorter, Bram and Strand, Olav and
	Saerens, Marco and Kivimäki, Ilkka and St. Clair, Colleen C. and Herfindal,
	Ivar and Boitani, Luigi},
	journal 	= {{Journal of Animal Ecology}},
	volume 		= {85},
	number 		= {1},
	year 			= {2016},
	pages 		= {32--42},
}
	note			= {doi: \url{10.1111/1365-2656.12386}},

@misc{PeaceParks.2019,
	title 		= {{SADC Protected Areas}},
	author 		= {{Peace Parks Foundation}},
	year 			= {2019},
	note 			= {Accessed 2019-11-12 from
	\url{http://new-ppfmaps.opendata.arcgis.com/datasets/ppf-protected-areas-detailed?geometry=-13.87,-25.558,69.846,-11.001}},
}

@article{Pettorelli.2011,
	title      = {{The Normalized Difference Vegetation Index (NDVI): Unforeseen
	Successes in Animal Ecology}},
	author     = {Pettorelli, N and Ryan, S and Mueller, T and Bunnefeld, N and
	Jedrzejewska, B and Lima, M and Kausrud, K},
	journal    = {{Climate Research}},
	year       = {2011},
	volume     = {46},
	number     = {1},
	pages      = {15--27},
}
	note			 = {doi: \url{10.3354/cr00936}},

@article{Pinto.2009,
	title 	= {{Beyond the Least-Cost Path: Evaluating Corridor Redundancy Using a
	Graph-Theoretic Approach}},
	author 	= {Pinto, Naiara and Keitt, Timothy H.},
	journal = {{Landscape Ecology}},
	year 		= {2009},
	volume 	= {24},
	number 	= {2},
	pages 	= {253--266},
}
	note		= {doi: \url{10.1007/s10980-008-9303-y}},

@article{Pitman.2017,
	title   = {{Cats, Connectivity and Conservation: Incorporating Data Sets and
	Integrating Scales for Wildlife Management}},
	volume  = {54},
	number  = {6},
	journal = {{Journal of Applied Ecology}},
	author  = {Pitman, Ross T. and Fattebert, Julien and Williams, Samual T. and
	Williams, Kathryn S. and Hill, Russell A. and Hunter, Luke T. B. and Robinson,
	Hugh and Power, John and Swanepoel, Lourens and Slotow, Rob and Balme, Guy
	A.},
	editor  = {Howe, Caroline},
	year    = {2017},
	pages   = {1687--1698},
}
	note		= {doi: \url{10.1111/1365-2664.12851}},

@article{Pomilia.2015,
	title 	= {{Ecological Predictors of African Wild Dog Ranging Patterns in
	Northern Botswana}},
	author 	= {Pomilia, Matthew A. and McNutt, J. Weldon and Jordan, Neil R.},
	journal = {{Journal of Mammalogy}},
	year 		= {2015},
	volume 	= {96},
	number 	= {6},
	pages 	= {1214--1223},
}
	note		= {doi: \url{10.1093/jmammal/gyv130}},

@article{Prokopenko.2017,
	title 		= {{Characterizing Wildlife Behavioural Responses to Roads Using
	Integrated Step Selection Analysis}},
	author 		= {Prokopenko, Christina M. and Boyce, Mark S. and Avgar, Tal},
	journal 	= {{Journal of Applied Ecology}},
	editor 		= {Tulloch, Ayesha},
	year 			= {2017},
	volume 		= {54},
	number 		= {2},
	pages 		= {470--479},
}
	note			= {doi: \url{10.1111/1365-2664.12768}},

@article{Pullinger.2010,
	title     = {{Maintaining or Restoring Connectivity of Modified Landscapes:
	Evaluating the Least-Cost Path Model with Multiple Sources of Ecological
	Information}},
	author    = {Pullinger, Michael G. and Johnson, Chris J.},
	journal   = {{Landscape Ecology}},
	year      = {2010},
	volume    = {25},
	number    = {10},
	pages     = {1547--1560},
}
	note			= {doi: \url{10.1007/s10980-010-9526-6}},

@Manual{R.2019,
  title        = {{R: A Language and Environment for Statistical Computing}},
  author       = {{R Core Team}},
  organization = {R Foundation for Statistical Computing},
  address      = {Vienna, Austria},
  year         = 2019,
  url          = {https://www.R-project.org}
}

@article{Rudnick.2012,
	title 	= {{The Role of Landscape Connectivity in Planning and Implementing
	Conservation and Restoration Priorities. Issues in Ecology}},
	author 	= {Rudnick, Doborah and Ryan, Sadie and Beier, Paul and Cushman,
	Samual and Dieffenbach, Fred and Epps, Clinton and Gerber, Leah and Hartter,
	Joel and Jenness, Jeff and Kintsch, Julia and Merenlender, Adina and Perkl,
	Ryan and Perziosi, Damian and Trombulack, Stephen},
	journal = {{Issues in Ecology}},
	year 		= {2012},
	volume 	= {16},
}

@article{Sawyer.2011,
	title     = {{Placing Linkages among Fragmented Habitats: Do Least-Cost Models
	Reflect How Animals Use Landscapes?}},
	author    = {Sawyer, Sarah C. and Epps, Clinton W. and Brashares, Justin S.},
	journal   = {{Journal of Applied Ecology}},
	year      = {2011},
	volume    = {48},
	number    = {3},
	pages     = {668--678},
}
	note			= {doi: \url{10.1111/j.1365-2664.2011.01970.x}},

@article{Schaaf.2015,
	title 		= {{MCD43A4 MODIS/Terra + Aqua BRDF/Albedo Nadir BRDF Adjusted
	RefDaily L3 Global - 500m v006}},
	author 		= {Schaaf, C. and Wang, Z.},
  journal		=	{{NASA EOSDIS Land Processes DAAC}},
	year 			= {2015},
	note 			= {Accessed 2019-11-12 from \url{https://doi.org/10.5067/MODIS/MCD43A4.006}}
}

@article{Signer.2017,
	title 	= {{Estimating Utilization Distributions from Fitted Step-Selection
	Functions}},
	author 	= {Signer, Johannes and Fieberg, John and Avgar, Tal},
	journal = {{Ecosphere}},
	year 		= {2017},
	volume 	= {8},
	number 	= {4},
	pages 	= {e01771},
}
	note		= {doi: \url{10.1002/ecs2.1771}},

@article{Spear.2010,
	title 	= {{Use of Resistance Surfaces for Landscape Genetic Studies:
	Considerations for Parameterization and Analysis}},
	author 	= {Spear, Stephen F. and Balkenhol, Niko and Fortin, Marie-Josée and
	Mcrae, Brad H. and Scribner, Kim},
	journal = {{Molecular Ecology}},
	year 		= {2010},
	volume 	= {19},
	number 	= {17},
	pages 	= {3576--3591},
}
	note		= {doi: \url{10.1111/j.1365-294X.2010.04657.x}},

@article{Squires.2013,
	title 	= {{Combining Resource Selection and Movement Behavior to Predict
	Corridors for Canada Lynx at their Southern Range Periphery}},
	author 	= {Squires, John R. and DeCesare, Nicholas J. and Olson, Lucretia E.
	and Kolbe, Jay A. and Hebblewhite, Mark and Parks, Sean A.},
	journal = {{Biological Conservation}},
	volume 	= {157},
	year 		= {2013},
	pages 	= {187--195},
}
	note		= {doi: \url{10.1016/j.biocon.2012.07.018}},

@Manual{Schwalb.2018,
  title 	= {{getSpatialData: Get Different Kinds of Freely Available Spatial
  Datasets}},
  author 	= {Jakob Schwalb-Willmann},
  year 		= {2018},
  note 		= {R package version 0.0.4},
}

@article{Taylor.1993,
	title 	= {{Connectivity Is a Vital Element of Landscape Structure}},
	author 	= {Taylor, Philip D. and Fahrig, Lenore and Henein, Kringen and
	Merriam, Gray},
	journal = {{OIKOS}},
	year 		= {1993},
	volume 	= {68},
	number 	= {3},
	pages 	= {571--573},
}
	note		= {doi: \url{10.2307/3544927}},

@incollection{Taylor.2006,
	address 	= {Cambridge},
	title 		= {{Landscape Connectivity: A Return to the Basics}},
	booktitle = {{Connectivity Conservation}},
	publisher = {{Cambridge University Press}},
	author 		= {Taylor, Philip D. and Fahrig, Lenore and With, Kimberly A.},
	editor 		= {Crooks, Kevin R. and Sanjayan, M.},
	year 			= {2006},
	pages 		= {29--43},
}
	note		= {doi: \url{10.1017/CBO9780511754821.003}},

@article{Tesson.2013,
	title 	= {{Dispersal in a Changing World: Opportunities, Insights and
	Challenges}},
	author 	= {Tesson, Sylvie VM and Edelaar, Pim},
	journal = {{Movement Ecology}},
	year 		= {2013},
	volume 	= {1},
	number 	= {1},
}
	note		= {doi: \url{10.1186/2051-3933-1-10}},

@article{Thurfjell.2014,
	title    = {{Applications of Step-Selection Functions in Ecology and
	Conservation}},
	author   = {Thurfjell, Henrik and Ciuti, Simone and Boyce, Mark S.},
	journal  = {{Movement Ecology}},
	year     = {2014},
	volume   = {2},
	number   = {4},
}
	note		 = {doi: \url{10.1186/2051-3933-2-4}},

@article{Tshipa.2017,
	title 	= {{Partial Migration Links Local Surface-Water Management to
	Large-Scale Elephant Conservation in the World's Largest Transfrontier
	Conservation Area}},
	author 	= {Tshipa, Arnold},
	journal = {{Biological Conservation}},
	year 		= {2017},
 	volume  = {215},
	pages 	= {46-50},
}
	note		= {doi: \url{10.1016/j.biocon.2017.09.003}},

@book{Turchin.1998,
	title 		= {{Quantitative Analysis of Movement: Measuring and Modeling
	Population Redistribution in Plants and Animals}},
	publisher = {Sinauer Associates},
	address 	= {Sunderland, MA, USA},
	author 		= {Turchin, Peter},
	year 			= {1998},
}

@article{Valeix.2010,
	title 	= {{How Key Habitat Features Influence Large Terrestrial Carnivore
	Movements: Waterholes and African Lions in a Semi-Arid Savanna of
	North-Western Zimbabwe}},
	author 	= {Valeix, Marion and Loveridge, Andrew J. and Davidson, Zeke and
	Madzikanda, Hillary and Fritz, Hervé and Macdonald, David W.},
	journal = {{Landscape Ecology}},
  year		= {2010},
  volume	= {25},
	number 	= {3},
  pages		= {337-351},
}
	note		= {doi: \url{10.1007/s10980-009-9425-x}},

@article{VanDerMeer.2014,
	title 	= {{Ecological Trap in the Buffer Zone of a Protected Area: Effects of
	Indirect Anthropogenic Mortality on the African Wild Dog (Lycaon pictus)}},
	author 	= {Van der Meer, Esther and Fritz, Hervé and Blinston, Peter and
	Rasmussen, Gregory S.A.},
	journal = {{Oryx}},
	year 		= {2014},
	volume 	= {48},
	number 	= {2},
	pages 	= {285--293},
}
	note		= {doi: \url{10.1017/S0030605312001366}},

@article{VanDerMeer.2016,
	title 	= {{Large Carnivores as Tourism Flagship Species for the Zimbabwe
	Component of the Kavango Zambezi Transfrontier Conservation Area}},
	author 	= {Van der Meer, Esther and Badza, Muchaneta N. and Ndhlovu, Aldwin},
	journal = {{African Journal of Wildlife Research}},
	year 		= {2016},
	volume 	= {46},
	number 	= {2},
	pages 	= {121--134},
}
	note		= {doi: \url{10.3957/056.046.0121}},

@Manual{vanEtten.2017,
  title 	= {{R Package gdistance: Distances and Routes on Geographical Grids}},
  author 	= {van Etten, Jacob},
  journal = {{Journal of Statistical Software}},
  year 		= {2017},
  volume 	= {76},
  number 	= {13},
  pages 	= {21},
}
	note		= {doi: \url{10.18637/jss.v076.i13}},

@article{Vasudev.2015,
	title      	= {{From Dispersal Constraints to Landscape Connectivity: Lessons
	from Species Distribution Modeling}},
	author     	= {Vasudev, Divya and Fletcher, Robert J. and Goswami, Varun R. and
	Krishnadas, Meghna},
	journal    	= {{Ecography}},
	year       	= {2015},
	volume     	= {38},
	number     	= {10},
	pages      	= {967--978},
}
	note				= {doi: \url{10.1111/ecog.01306}},

@article{Warton.2013,
	title 	= {{Advancing our Thinking in Presence-Only and Used-Available Analysis}},
	author 	= {Warton, David and Aarts, Geert},
	editor 	= {Manly, Bryan},
	journal = {{Journal of Animal Ecology}},
	year 		= {2013},
	volume 	= {82},
	number 	= {6},
	pages 	= {1125--1134},
}
	note		= {doi: \url{10.1111/1365-2656.12071}},

@article{Webster.2012,
	title 	= {{African Wild Dogs as a Fugitive Species: Playback Experiments
	Investigate How Wild Dogs Respond to their Major Competitors}},
	author 	= {Webster, Hugh and McNutt, John W. and McComb, Karen},
	journal = {{Ethology}},
	year 		= {2012},
	volume 	= {118},
	number 	= {2},
	pages 	= {147--156},
}
	note		= {doi: \url{10.1111/j.1439-0310.2011.01992.x}},

@article{Weise.2017,
	title 	= {{The Distribution and Numbers of Cheetah (Acinonyx jubatus) in Southern Africa}},
	author 	= {Weise, Florian J. and Vijay, Varsha and Jacobson, Andrew P. and
	Schoonover, Rebecca F. and Groom, Rosemary J. and Horgan, Jane and Keeping,
	Derek and Klein, Rebecca and Marnewick, Kelly and Maude, Glyn and Melzheimer,
	Jörg and Mills, Gus and Merwe, Vincent van der and Meer, Esther van der and
	Vuuren, Rudie J. van and Wachter, Bettina and Pimm, Stuart L.},
	journal = {{PeerJ}},
	year 		= {2017},
	volume 	= {5},
	pages 	= {e4096},
}
	note		= {doi: \url{10.7717/peerj.4096}},

@article{Western.1975,
	title 	= {{Water Availability and its Influence on the Structure and Dynamics
	of a Savannah Large Mammal Community}},
	author 	= {Western, David},
	journal = {{African Journal of Ecology}},
	year 		= {1975},
	volume 	= {13},
	number 	= {3‐4},
	pages 	= {265--286},
}
	note		= {doi: \url{10.1111/j.1365-2028.1975.tb00139.x}},

@article{Whittington.2011,
	title 	= {{Habitat Selection by Transient African Wild Dogs (Lycaon pictus) in
	Northern KwaZulu-Natal, South Africa: Implications for Range Expansion}},
	author 	= {Whittington-Jones, Brendan M. and Parker, Dan M. and Bernard, Ric T. F. and Davies-Mostert, Harriet T.},
	journal = {{African Journal of Wildlife Research}},
	year 		= {2011},
	volume 	= {44},
	number 	= {2},
	pages 	= {135--147},
}
	note		= {doi: \url{10.3957/056.044.0201}},

@article{Wilson.2012,
	title 		= {{Beyond Use Versus Availability: Behaviour-Explicit Resource
	Selection}},
	author 		= {Wilson, Ryan R. and Gilbert-Norton, Lynne and Gese, Eric M.},
	journal 	= {{Wildlife Biology}},
	year 			= {2012},
	volume 		= {18},
	number 		= {4},
	pages 		= {424--430},
}
	note			= {doi: \url{10.2981/12-044}},

@article{Wolmer.2003,
	title 	= {{Transboundary Conservation: The Politics of Ecological Integrity in
	the Great Limpopo Transfrontier Park}},
	author 	= {Wolmer, William},
	journal = {{Journal of Southern African Studies}},
	year 		= {2003},
	volume 	= {29},
	number 	= {1},
	pages 	= {261--278},
}
	note		= {doi: \url{10.1080/0305707032000060449}},

@article{Wolski.2017,
	title 	= {{Keeping it Simple: Monitoring Flood Extent in Large Data-Poor
	Wetlands Wsing MODIS SWIR Data}},
	author 	= {Wolski, Piotr and Murray-Hudson, Mike and Thito, Kgalalelo and
	Cassidy, Lin},
	journal = {{International Journal of Applied Earth Observation and
	Geoinformation}},
	year 		= {2017},
	volume 	= {57},
	pages 	= {224--234},
}
	note		= {doi: \url{10.1016/j.jag.2017.01.005}},

@article{Woodroffe.1999,
	title   = {{Conserving the African Wild Dog (Lycaon pictus). Diagnosing and
	Treating Causes of Decline}},
	volume  = {33},
	number  = {2},
	journal = {{Oryx}},
	author  = {Woodroffe, Rosie and Ginsberg, Joshua R.},
	year    = {1999},
	pages   = {132--142},
}
	note		= {doi: \url{10.1046/j.1365-3008.1999.00052.x}},

@article{Woodroffe.2011,
	title 	= {{Ranging behaviour of African Wild Dog Packs in a Human-Dominated
	Landscape}},
	author 	= {Woodroffe, R.},
	journal = {{Journal of Zoology}},
	year 		= {2011},
	volume 	= {283},
	number 	= {2},
	pages 	= {88--97},
}
	note		= {doi: \url{10.1111/j.1469-7998.2010.00747.x}},

@article{Woodroffe.2012,
	author   = {Woodroffe, R. and Sillero-Zubiri, C.},
	year     = {2012},
	title    = {Lycaon pictus},
	pages    = {e. T12436A16711116},
	volume   = {2012},
	journal  = {The IUCN Red List of Threatened Species}
}

@article{Woodroffe.2019,
	title 	= {{Dispersal Behaviour of African Wild Dogs in Kenya}},
	author 	= {Woodroffe, Rosie and Rabaiotti, Daniella and Ngatia, Dedan K. and
	Smallwood, Thomas R. C. and Strebel, Stefanie and O'Neill, Helen M. K.},
	journal = {{African Journal of Ecology}},
	year 		= {2019},
	volume 	= {58},
	number 	= {1},
	pages 	= {46-57},
}
	note    = {doi: \url{10.1111/aje.12689}},

@article{Xiong.2017,
	title 	= {{Nominal 30m Cropland Extent Map of Continental Africa by Integrating
	Pixel-Based and Object-Based Algorithms Using Sentinel-2 and Landsat-8 Data on
	Google Earth Engine}},
	author 	= {Xiong, Jun and Thenkabail, Prasad and Tilton, James and Gumma,
	Murali and Teluguntla, Pardhasaradhi and Oliphant, Adam and Congalton, Russell
	and Yadav, Kamini and Gorelick, Noel},
	journal = {{Remote Sensing}},
	year 		= {2017},
	volume 	= {9},
	number 	= {10},
	pages 	= {1065},
}
	note    = {doi: \url{10.3390/rs9101065}},

@article{Yamazaki.2019,
	author 		= {Yamazaki, Dai and Ikeshima, Daiki and Sosa, Jeison and Bates, Paul
	D. and Allen, George H. and Pavelsky, Tamlin M.},
	title 		= {{MERIT Hydro: A High-Resolution Global Hydrography Map Based on
	Latest Topography Dataset}},
	journal 	= {{Water Resources Research}},
	volume 		= {55},
	number 		= {6},
	pages 		= {5053--5073},
	year 			= {2019},
}
	note    	= {doi: \url{10.1029/2019WR024873}},

@article{Zeller.2012,
	title    = {{Estimating Landscape Resistance to Movement: A Review}},
	author   = {Zeller, Katherine A. and McGarigal, Kevin and Whiteley, Andrew R.},
	journal  = {{Landscape Ecology}},
	year     = {2012},
	volume   = {27},
	number   = {6},
	pages    = {777--797},
}
	note     = {doi: \url{10.1007/s10980-012-9737-0}},

@article{Zeller.2016,
	title    = {Using Step and Path Selection Functions for Estimating Resistance
	to Movement: Pumas as a Case Study},
	author   = {Zeller, Katherine A. and McGarigal, Kevin and Cushman, Samuel A.
	and Beier, Paul and Vickers, T. Winston and Boyce, Walter M.},
	journal  = {{Landscape Ecology}},
	year     = {2016},
	volume   = {31},
	number   = {6},
	pages    = {1319--1335},
}
	note     = {doi: \url{10.1007/s10980-015-0301-6}},

@article{Zeller.2020,
	title 	= {{Forecasting Seasonal Habitat Connectivity in a Developing
	Landscape}},
	author 	= {Zeller, Katherine A. and Wattles, David W. and Bauder, Javan M. and
	DeStefano, Stephen},
	volume 	= {9},
	number 	= {7},
	journal = {{Land}},
	year 		= {2020},
	pages 	= {233},
}

	note     = {doi: \url{10.3390/land9070233}},
