@preamble{ " \newcommand{\noop}[1]{} " }

@article{Abrahms.2016,
	title 	= {{Lessons from Integrating Behaviour and Resource Selection:
	Activity-Specific Responses of African Wild Dogs to Roads}},
	volume 	= {19},
	number 	= {3},
	journal = {{Animal Conservation}},
	author 	= {Abrahms, B. and Jordan, N. R. and Golabek, K. A. and McNutt, J. W.
	and Wilson, A. M. and Brashares, J. S.},
	year 		= {2016},
	pages 	= {247--255}
  }

@article{Abrahms.2017,
	author  = {Abrahms, Briana and Sawyer, Sarah C. and Jordan, Neil R. and
	McNutt, J. Weldon and Wilson, Alan M. and Brashares, Justin S.},
	year    = {2017},
	title   = {{Does Wildlife Resource Selection Accurately Inform Corridor
	Conservation?}},
	pages   = {412--422},
	volume  = {54},
	number  = {2},
	journal = {{Journal of Applied Ecology}}
}

@article{Adriaensen.2003,
	title   = {{The Application of Least-Cost Modelling as a Functional
	Landscape Model}},
	volume  = {64},
	number  = {4},
	journal = {{Landscape and Urban Planning}},
	author  = {Adriaensen, F. and Chardon, J.P. and De Blust, G. and Swinnen,
	E. and Villalba, S. and Gulinck, H. and Matthysen, E.},
	year    = {2003},
	pages   = {233--247}
}

@article{Alexander.2010,
  title 	= {{Multi-Host Pathogens and Carnivore Management in Southern Africa}},
  author 	= {Alexander, Kathleen A and McNutt, JW and Briggs, MB and Standers,
  PE and Funston, P and Hemson, Graham and Keet, D and Van Vuuren, Moritz},
  journal	= {{Comparative Immunology, Microbiology and Infectious Diseases}},
  volume 	= {33},
  number 	= {3},
  pages		= {249--265},
  year 		= {2010},
}

@article{Allen.2016,
	title   = {{An Individual-Based Modelling Approach to Estimate Landscape
	Connectivity for Bighorn Sheep (Ovis canadensis)}},
	volume  = {4},
	issn    = {2167-8359},
	doi     = {10.7717/peerj.2001},
	journal = {{PeerJ}},
	author  = {Allen, Corrie H. and Parrott, Lael and Kyle, Catherine},
	year    = {2016},
	pages   = {e2001},
}

@Article{Amt.2019,
  title 	= {{Animal Movement Tools (amt): R Package for Managing Tracking Data
  and Conducting Habitat Selection Analyses}},
  author 	= {Johannes Signer and John Fieberg and Tal Avgar},
  journal = {{Ecology and Evolution}},
  year 		= {2019},
  volume 	= {9},
  pages 	= {880--890},
}

@article{Armansin.2019,
	title 	= {{Social Barriers in Ecological Landscapes: The Social Resistance
	Hypothesis}},
	journal = {Trends in Ecology \& Evolution},
	author 	= {Armansin, Nicolette C. and Stow, Adam J. and Cantor, Mauricio and
	Leu, Stephan T. and Klarevas-Irby, James A. and Chariton, Anthony A. and
	Farine, Damien R.},
	year 		= {2019},
}

@article{Araujo.2007,
	title   = {{Ensemble Forecasting of Species Distributions}},
	volume  = {22},
	number  = {1},
	journal = {{Trends in Ecology \& Evolution}},
	author  = {Araujo, M and New, M},
	year    = {2007},
	pages   = {42--47},
}

@article{Avgar.2016,
	title 			= {{Integrated Step Selection Analysis: Bridging the Gap Between
	Resource Selection and Animal Movement}},
	volume 			= {7},
	number 			= {5},
	journal 		= {{Methods in Ecology and Evolution}},
	author 			= {Avgar, Tal and Potts, Jonathan R. and Lewis, Mark A. and Boyce,
	Mark S.},
	editor 			= {Börger, Luca},
	year 				= {2016},
	pages 			= {619--630},
}

@article{Avgar.2017,
	title 	= {{Relative Selection Strength: Quantifying Effect Size in Habitat‐
	and Step‐Selection Inference}},
	author 	= {Avgar, Tal and Lele, Subhash R. and Keim, Jonah L. and Boyce, Mark
	S.},
	journal = {{Ecology and Evolution}},
	year 		= {2017},
	volume 	= {7},
	number 	= {14},
	pages 	= {5322--5330},
}

@article{Baguette.2013,
	title   = {{Individual Dispersal, Landscape Connectivity and Ecological
	Networks}},
	volume  = {88},
	number  = {2},
	journal = {{Biological Reviews}},
	author  = {Baguette, Michel and Blanchet, Simon and Legrand, Delphine and
	Stevens, Virginie M. and Turlure, Camille},
	year    = {2013},
	pages   = {310--326},
}

@article{BastilleRousseau.2018,
	title   = {{Applying Network Theory to Animal Movements to Identify Properties
	of Landscape Space Use}},
	volume  = {28},
	number  = {3},
	journal = {{Ecological Applications}},
	author  = {Bastille-Rousseau, Guillaume and Douglas-Hamilton, Iain and Blake,
	Stephen and Northrup, Joseph M. and Wittemyer, George},
	year    = {2018},
	pages   = {854--864},
}

@article{Barnosky.2012,
	title 	= {{Approaching a State Shift in Earth's Biosphere}},
	volume 	= {486},
	number 	= {7401},
	journal = {{Nature}},
	author 	= {Barnosky, Anthony D. and Hadly, Elizabeth A. and Bascompte, Jordi
	and Berlow, Eric L. and Brown, James H. and Fortelius, Mikael and Getz, Wayne
	M. and Harte, John and Hastings, Alan and Marquet, Pablo A. and Martinez, Neo
	D. and Mooers, Arne and Roopnarine, Peter and Vermeij, Geerat and Williams,
	John W. and Gillespie, Rosemary and Kitzes, Justin and Marshall, Charles and
	Matzke, Nicholas and Mindell, David P. and Revilla, Eloy and Smith, Adam B.},
	year 		= {2012},
	pages 	= {52--58},
}

@article{Barraquand.2008,
	title 	= {{Animal Movements in Heterogeneous Landscapes: Identifying
	Profitable
	Places and Homogeneous Movement Bouts}},
	volume 	= {89},
	number 	= {12},
	journal = {{Ecology}},
	author 	= {Barraquand, Frédéric and Benhamou, Simon},
	year 		= {2008},
	pages 	= {3336--3348},
}

@article{Becker.2012,
	title   = {{Inbreeding Avoidance Influences the Viability of Reintroduced
	Populations of African Wild Dogs (Lycaon pictus)}},
	volume  = {7},
	doi     = {10.1371/journal.pone.0037181},
	number  = {5},
	journal = {{PLoS ONE}},
	author  = {Becker, Penny A. and Miller, Philip S. and Gunther, Micaela Szykman
	and Somers, Michael J. and Wildt, David E. and Maldonado, Jesús E.},
	editor  = {Fenton, Brock},
	year    = {2012},
	pages   = {e37181},
}

@article{Behr.2017,
	title   = {{Combining Human Acceptance and Habitat Suitability in a Unified
	Socio-Ecological Suitability Model: A Case Study of the Wolf in Switzerland}},
	volume  = {54},
	doi     = {10.1111/1365-2664.12880},
	number  = {6},
	journal = {{Journal of Applied Ecology}},
	author  = {Behr, Dominik M. and Ozgul, Arpat and Cozzi, Gabriele},
	year    = {2017},
	pages   = {1919--1929},
}

@article{Behr.2020,
	author  = {Behr, Dominik M and McNutt, J. Weldon and Ozgul, Arpat and Cozzi,
	Gabriele },
	title   = {{When to Stay and When to Leave? Proximate Causes of Dispersal in
	an Endangered Social Carnivore}},
	year    = {2020},
	journal = {{Journal of Animal Ecology}},
	volume  = {89},
	number  = {10},
	pages   = {2356-2366},
}

@article{Beier.1993,
	title   = {{Determining Minimum Habitat Areas and Habitat Corridors for
	Cougars}},
	volume  = {7},
	number  = {1},
	journal = {{Conservation Biology}},
	author  = {Beier, Paul},
	year    = {1993},
	pages   = {94--108},
}

@article{Beier.1998,
	title   = {{Do Habitat Corridors Provide Connectivity?}},
	volume  = {12},
	number  = {6},
	journal = {{Conservation Biology}},
	author  = {Beier, Paul and Noss, Reed F},
	year    = {1998},
	pages   = {12},
}

@article{Beier.2008,
	title 	= {{Forks in the Road: Choices in Procedures for Designing Wildland
	Linkages: Design of Wildlife Linkages}},
	volume 	= {22},
	number 	= {4},
	journal = {{Conservation Biology}},
	author 	= {Beier, Paul and Majka, Daniel R. and Spencer, Wayne D.},
	year 		= {2008},
	pages 	= {836--851},
}

@article{Beier.2011,
	title 	= {{Toward Best Practices for Developing Regional Connectivity Maps}},
	volume 	= {25},
	number 	= {5},
	journal = {{Conservation Biology}},
	author 	= {Beier, Paul and Spencer, Wayne and Baldwin, Robert F. and McRAE,
	BRAD H.},
	year 		= {2011},
	pages 	= {879--892}
}

@article{Benz.2016,
	title      = {{Dispersal Ecology Informs Design of Large-Scale Wildlife
	Corridors}},
	volume     = {11},
	number     = {9},
	journal    = {{PLOS ONE}},
	author     = {Benz, Robin A. and Boyce, Mark S. and Thurfjell, Henrik and
	Paton, Dale G. and Musiani, Marco and Dormann, Carsten F. and Ciuti, Simone},
	editor     = {Apollonio, Marco},
	year       = {2016},
	pages      = {e0162989}
}

@article{Bovet.1991,
	title   = {{Optimal Sinuosity in Central Place Foraging Movements}},
	volume  = {42},
	issn    = {0003-3472},
	doi     = {10.1016/S0003-3472(05)80605-0},
	number  = {1},
	journal = {{Animal Behaviour}},
	author  = {Bovet, Pierre and Benhamou, Simon},
	year    = {1991},
	pages   = {57--62},
}

@article{Brennan.2020,
	author 	= {Brennan, A. and Beytell, P. and Aschenborn, O. and Du Preez, P. and
	Funston, P.J. and Hanssen, L. and Kilian, J.W. and Stuart‐Hill, G. and Taylor,
	R.D. and Naidoo, R.},
	title 	= {{Characterizing Multispecies Connectivity Across a Transfrontier
	Conservation Landscape}},
	journal = {{Journal of Applied Ecology}},
	volume	= {57},
	year 		= {2020},
	pages 	= {1700--1710},
}

@article{Bonyongo.2005,
	title 	= {{Habitat Utilization by Impala (Aepyceros memmpus) in the Okavango
	Delta}},
	volume 	= {37},
	number 	= {1},
	journal = {{Botswana Notes \& Records}},
	author 	= {Bonyongo, C. M.},
	year 		= {2005},
	pages 	= {227--235}
}

@incollection{Borger.2012,
	author 		= {Börger, Luca and Fryxell, John},
	title 		= {{Quantifying Individual Differences in Dispersal Using Net Squared
	Displacement}},
	year      = {2012},
	booktitle = {{Dispersal Ecology and Evolution}},
	editor 		= {Clobert, Jean and Baguette, Michel and Benton, Tim G. and
	Bullock, James M.},
	publisher = {Oxford University Press},
  address   = {Oxford, UK},
}

@article{Boyce.1992,
	title   = {{Population Viability Analysis}},
	volume  = {23},
	number  = {1},
	journal = {{Annual Review of Ecology and Systematics}},
	author  = {Boyce, Mark S},
	year    = {1992},
	pages   = {481--497},
}

@article{Bunnefeld.2011,
	title      = {{A Model-Driven Approach to Quantify Migration Patterns:
	Individual, Regional and Yearly Differences: Quantifying Migration Patterns}},
	volume     = {80},
	number     = {2},
	journal    = {{Journal of Animal Ecology}},
	author     = {Bunnefeld, Nils and Börger, Luca and van Moorter, Bram and
	Rolandsen, Christer M. and Dettki, Holger and Solberg, Erling Johan and
	Ericsson, Göran},
	year       = {2011},
	pages      = {466--476}
}

@book{Burnham.2002,
	title 			= {{Model Selection and Multimodel Inference: A Practical
	Information-Theoretic Approach}},
	publisher 	= {{Springer Science \& Business Media}},
	address 		= {Ney York, NY, USA},
	author 			= {Burnham, Kenneth P. and Anderson, David R.},
	year 				= {2002}
}

@article{Boyce.2002,
	author     = {Boyce, Mark S. and Vernier, Pierre R. and Nielsen, Scott E. and
	Schmiegelow, Fiona K. A.},
	year       = {2002},
	title      = {{Evaluating Resource Selection Functions}},
	pages      = {281--300},
	volume     = {157},
	number     = {2-3},
	journal    = {{Ecological Modelling}}
}

@article{Bowler.2005,
	title 			= {{Causes and Consequences of Animal Dispersal Strategies: Relating
	Individual Behaviour to Spatial Dynamics}},
	volume 			= {80},
	number 			= {2},
	journal 		= {{Biological Reviews}},
	author 			= {Bowler, Diana E. and Benton, Tim G.},
	year 				= {2005},
}

@article{Broekhuis.2013,
	title 	= {{Risk Avoidance in Sympatric Large Carnivores: Reactive or
	Predictive?}},
	volume 	= {82},
	number 	= {5},
	journal = {{Journal of Animal Ecology}},
	author 	= {Broekhuis, Femke and Cozzi, Gabriele and Valeix, Marion and McNutt,
	John W. and Macdonald, David W.},
	editor 	= {Fryxell, John},
	year 		= {2013},
	pages 	= {1098--1105},
}

@article{Broekhuis.2019,
	title 	= {{Predators and Pastoralists: How Anthropogenic Pressures inside
	Wildlife Areas Influence Carnivore Space Use and Movement Behaviour}},
	journal = {{Animal Conservation}},
	author 	= {Broekhuis, F. and Madsen, E. K. and Klaassen, B.},
	editor 	= {Young, Julie},
	year 		= {2019},
}

@article{Brown.1977,
	title 			= {{Turnover Rates in Insular Biogeography: Effect of Immigration
	on Extinction}},
	volume 			= {58},
	number 			= {2},
	journal 		= {Ecology},
	author 			= {Brown, James H. and Kodric-Brown, Astrid},
	year 				= {1977},
	pages 			= {445--449},
}

@article{Calenge.2019,
  title 	= {{The Package adehabitat for the R Software: Tool For the Analysis of
  Space and Habitat Use by Animals}},
  journal = {{Ecological Modelling}},
  volume 	= {197},
  pages 	= {1035},
  year 		= {2006},
  author 	= {C. Calenge},
}

@article{Carroll.2012,
	title 	= {{Use of Linkage Mapping and Centrality Analysis Across Habitat
	Gradients to Conserve Connectivity of Gray Wolf Populations in Western North
	America: Centrality and Habitat Connectivity}},
	volume 	= {26},
	number 	= {1},
	journal = {{Conservation Biology}},
	author 	= {Carroll, Carlos and McRAE, Brad H. and Brookes, Allen},
	year 		= {2012},
	pages 	= {78--87},
}

@book{Caswell.2008,
	address   = {Sunderland, Mass},
	edition   = {2. ed., [Nachdr.]},
	title     = {{Matrix Population Models: Construction, Analysis, and
	Interpretation}},
	publisher = {{Sinauer Associates}},
	author    = {Caswell, Hal},
	year      = {2008},
}

@article{Clements.2018,
	title   = {{Indicators of Transitions in Biological Systems}},
	volume  = {21},
	doi     = {10.1111/ele.12948},
	number  = {6},
	journal = {{Ecology Letters}},
	author  = {Clements, Christopher F. and Ozgul, Arpat},
	editor  = {Metcalf, Jessica},
	year    = {2018},
	pages   = {905--919},
}

@article{Clevenger.2002,
	title   = {{GIS‐Generated, Expert‐Based Models for Identifying Wildlife
	Habitat Linkages and Planning Mitigation Passages}},
	volume  = {16},
	doi     = {10.1046/j.1523-1739.2002.00328.x},
	number  = {2},
	journal = {{Conservation Biology}},
	author  = {Clevenger, Anthony P. and Wierzchowski, Jack and Chruszcz, Bryan
	and Gunson, Kari},
	year    = {2002},
	pages   = {503--514},
}

@article{Chen.2015,
	title 		= {{Global Land Cover Mapping at 30m Resolution: A POK-Based
	Operational Approach}},
	volume 		= {103},
	journal 	= {{ISPRS Journal of Photogrammetry and Remote Sensing}},
	author 		= {Chen, Jun and Chen, Jin and Liao, Anping and Cao, Xin and Chen,
	Lijun and Chen, Xuehong and He, Chaoying and Han, Gang and Peng, Shu and Lu,
	Miao},
	year 			= {2015},
	pages 		= {7--27}
}

@article{Chetkiewicz.2006,
	author 	= {Chetkiewicz, Cheryl-Lesley B. and St. Clair, Colleen Cassady and
	Boyce, Mark S.},
	title 	= {{Corridors for Conservation: Integrating Pattern and Process}},
	journal = {{Annual Review of Ecology, Evolution, and Systematics}},
	volume 	= {37},
	number 	= {1},
	pages 	= {317-342},
	year 		= {2006},
}

@article{Clark.2015,
	title   = {{Connectivity among Subpopulations of Louisiana Black Bears as
	Estimated by a Step Selection Function}},
	volume  = {79},
	doi     = {10.1002/jwmg.955},
	number  = {8},
	journal = {{The Journal of Wildlife Management}},
	author  = {Clark, Joseph D. and Laufenberg, Jared S. and Davidson, Maria and
	Murrow, Jennifer L.},
	year    = {2015},
	pages   = {1347--1360},
}

@book{Clobert.2012,
	title      = {{Dispersal Ecology and Evolution}},
	publisher  = {Oxford University Press},
  address    = {Oxford, UK},
	author     = {Clobert, Jean and Baguette, Michel and Benton, Tim G. and
	Bullock, James M.},
	year       = {2012},
}

@article{Compton.2007,
	title   = {{A Resistant-Kernel Model of Connectivity for Amphibians that Breed
	in Vernal Pools}},
	volume  = {21},
	doi     = {10.1111/j.1523-1739.2007.00674.x},
	number  = {3},
	journal = {Conservation Biology},
	author  = {Compton, Bradley W. and McGARIGAL, Kevin and Cushman, Samuel A. and
	Gamble, Lloyd R.},
	year    = {2007},
	pages   = {788--799},
}

@article{Coulon.2015,
	title    = {{A Stochastic Movement Simulator Improves Estimates of Landscape
	Connectivity}},
	volume   = {96},
	doi      = {10.1890/14-1690.1},
	language = {en},
	number   = {8},
	journal  = {{Ecology}},
	author   = {Coulon, A. and Aben, J. and Palmer, S. C. F. and Stevens, V. M.
	and Callens, T. and Strubbe, D. and Lens, L. and Matthysen, E. and Baguette,
	M. and Travis, J. M. J.},
	year     = {2015},
	pages    = {2203--2213},
}

@article{Courchamp.2001,
	author     = {Courchamp, Franck and Macdonald, David W.},
	year       = {2001},
	title      = {{Crucial Importance of Pack Size in the African Wild Dog Lycaon
	pictus}},
	pages      = {169--174},
	volume     = {4},
	number     = {2},
	journal    = {Animal Conservation}
}

@article{Cozzi.2012,
	title 			= {{Fear of the Dark or Dinner by Moonlight? Reduced Temporal
	Partitioning among Africa's Large Carnivores}},
	volume 			= {93},
	number 			= {12},
	journal 		= {Ecology},
	author 			= {Cozzi, Gabriele and Broekhuis, Femke and McNutt, John W. and
	Turnbull, Lindsay A. and Macdonald, David W. and Schmid, Bernhard},
	year 				= {2012},
	pages 			= {2590--2599}
}

@phdthesis{Cozzi.2013,
	address    = {Zurich},
	type       = {{PhD Thesis}},
	title      = {{Patterns of Habitat Use and Segregation among African Large
	Carnivores}},
	school     = {University of Zurich},
	author     = {Cozzi, Gabriele},
	year       = {2013}
}

@article{Cozzi.2013b,
	title      = {{Comparison of the Effects of Artificial and Natural Barriers on
	Large African Carnivores: Implications for Interspecific Relationships and
	Connectivity}},
	volume     = {82},
	number     = {3},
	journal    = {{Journal of Animal Ecology}},
	author     = {Cozzi, Gabriele and Broekhuis, Femke and McNutt, J. Weldon and
	Schmid, Bernhard},
	editor     = {Fryxell, John},
	year       = {2013},
	pages      = {707--715}
}

@article{Cozzi.2016,
	title 	= {{Anthropogenic Food Resources Foster the Coexistence of Distinct
	Life History Strategies: Year‐Round Sedentary and Migratory Brown Bears}},
	volume 	= {300},
	number 	= {2},
	journal = {{Journal of Zoology}},
	author 	= {Cozzi, Gabriele and Chynoweth, Mark and Kusak, Josip and Coban,
	Emrah and Çoban, Aysegül and Ozgul, Arpat and Sekercioglu, CH},
	year 		= {2016},
	pages 	= {142--150}
}

@article{Cozzi.2018,
	title 		= {{Socially Informed Dispersal in a Territorial Cooperative
	Breeder}},
	volume 		= {87},
	number 		= {3},
	journal 	= {{Journal of Animal Ecology}},
	author 		= {Cozzi, Gabriele and Maag, Nino and Börger, Luca and Clutton-Brock,
	Tim H. and Ozgul, Arpat},
	editor 		= {Street, Garrett},
	year 			= {2018},
	pages 		= {838--849},
}

@article{Cozzi.2020,
	title 	= {{The Walk of Life: African Wild Dog Dispersal and its Implications
	for Management and Conservation across Transfrontier Landscapes}},
	author 	= {Cozzi, Gabriele and Behr, Dominik and Webster, H and Claase, M and
	Bryce, CM and Modise, B and McNutt, JW and Ozgul, Arpat},
	year    = {2020},
	note 		= {In press}
}

@article{Creel.1995,
	title   = {{Communal Hunting and Pack Size in African Wild Dogs, Lycaon pictus}},
	volume  = {50},
	doi     = {10.1016/0003-3472(95)80048-4},
	number  = {5},
	journal = {{Animal Behaviour}},
	author  = {Creel, Scott and Creel, Nancy Marusha},
	year    = {1995},
	pages   = {1325--1339},
}

@article{Creel.1996,
	title 	= {{Limitation of African Wild Dogs by Competition with Larger
	Carnivores}},
	volume 	= {10},
	number 	= {2},
	journal = {{Conservation Biology}},
	author 	= {Creel, Scott and Creel, Nancy Marusha},
	year 		= {1996},
	pages 	= {526--538},
}

@article{Creel.1998,
	title 	= {{Six Ecological Factors that May Limit African Wild Dogs (Lycaon
	pictus)}},
	volume 	= {1},
	number 	= {1},
	journal = {{Animal Conservation}},
	author 	= {Creel, Scott and Creel, Nancy Marusha},
	year 		= {1998},
	pages 	= {1--9},
}

@article{Creel.1998b,
	title   = {Social Organization and Effective Population Size in Carnivores},
	journal = {Behavioral Ecology and Conservation Biology},
	author  = {Creel, Scott},
	year    = {1998},
	pages   = {246--265}
}

@book{Creel.2002,
	title      	= {{The African Wild Dog: Behavior, Ecology, and Conservation}},
	publisher  	= {Princeton University Press},
	address 		= {Princeton, NJ, USA},
	author     	= {Creel, Scott and Creel, Nancy Marusha},
	year       	= {2002}
}

@article{Creel.2013,
  title		= {{Conserving Large Populations of Lions - The Argument for Fences Has
  Holes}},
  author	= {Creel, Scott and Becker, Matthew S and Durant, SM and M'soka,
  Jassiel and Matandiko, Wigganson and Dickman, AJ and Christianson, D and
  Dr{\"o}ge, E and Mweetwa, Thandiwe and Pettorelli, N and others},
  journal	= {{Ecology Letters}},
  volume	= {16},
  number	= {11},
  pages		= {1413--e3},
  year		= {2013},
}

@article{Cushman.2010,
	author     = {Cushman, Samuel A. and Lewis, Jesse S.},
	year       = {2010},
	title      = {{Movement Behavior Explains Genetic Differentiation in American
	Black Bears}},
	pages      = {1613--1625},
	volume     = {25},
	number     = {10},
	journal    = {{Landscape Ecology}}
}

@incollection{Cushman.2013,
	address   = {Oxford},
	title     = {{Biological Corridors and Connectivity}},
	isbn      = {978-1-118-52017-8 978-0-470-65876-5 978-0-470-65875-8},
	booktitle = {{Key Topics in Conservation Biology 2}},
	publisher = {John Wiley \& Sons},
	author    = {Cushman, Samuel A. and McRae, Brad and Adriaensen, Frank and
	Beier, Paul and Shirley, Mark and Zeller, Kathy},
	editor    = {Macdonald, David W. and Willis, Katherine J.},
	year      = {2013},
	doi       = {10.1002/9781118520178.ch21},
}

@article{Cushman.2018,
	title 	= {{Prioritizing Core Areas, Corridors and Conflict Hotspots for Lion
	Conservation in Southern Africa}},
	author 	= {Cushman, Samuel A. and Elliot, Nicholas B. and Bauer, Dominik and
	Kesch, Kristina and Bahaa-el-din, Laila and Bothwell, Helen and Flyman,
	Michael and Mtare, Godfrey and Macdonald, David W. and Loveridge, Andrew J.},
	journal = {{PLOS ONE}},
	year 		= {2018},
	volume 	= {13},
	number 	= {7},
	pages 	= {e0196213},
}

@article{DaviesMostert.2012,
	author     = {Davies--Mostert, Harriet T. and Kamler, Jan F. and Mills,
	Michael G. L. and Jackson, Craig R. and Rasmussen, Gregory S. A. and Groom,
	Rosemary J. and Macdonald, David W.},
	year       = {2012},
	title      = {{Long--Distance Transboundary Dispersal of African Wild Dogs
	among Protected Areas in Southern Africa}},
	pages      = {500--506},
	volume     = {50},
	number     = {4},
	journal    = {{African Journal of Ecology}}
}

@article{Dewhirst.2017,
	title 	= {{An Exploratory Clustering Approach for Extracting Stride Parameters
	from Tracking Collars on Free-Ranging Wild Animals}},
	volume 	= {220},
	number 	= {3},
	journal = {{The Journal of Experimental Biology}},
	author 	= {Dewhirst, Oliver P. and Roskilly, Kyle and Hubel, Tatjana Y. and
	Jordan, Neil R. and Golabek, Krystyna A. and McNutt, J. Weldon and Wilson,
	Alan M.},
	year 		= {2017},
	pages 	= {341--346},
}

@article{Dickie.2020,
	title   = {{Corridors or Risk? Movement along, and Use of, Linear Features
	Varies Predictably among Large Mammal Predator and Prey Species}},
	volume  = {89},
	doi     = {10.1111/1365-2656.13130},
	number  = {2},
	journal = {{Journal of Animal Ecology}},
	author  = {Dickie, Melanie and McNay, Scott R. and Sutherland, Glenn D. and
	Cody, Michael and Avgar, Tal},
	editor  = {Loison, Anne},
	year    = {2020},
	pages   = {623--634},
}

@article{Dickson.2019,
	title   = {{Circuit‐Theory Applications to Connectivity Science and
	Conservation}},
	volume  = {33},
	doi     = {10.1111/cobi.13230},
	number  = {2},
	urldate = {2020-09-24},
	journal = {{Conservation Biology}},
	author  = {Dickson, Brett G. and Albano, Christine M. and Anantharaman, Ranjan
	and Beier, Paul and Fargione, Joe and Graves, Tabitha A. and Gray, Miranda E.
	and Hall, Kimberly R. and Lawler, Josh J. and Leonard, Paul B. and
	Littlefield, Caitlin E. and McClure, Meredith L. and Novembre, John and
	Schloss, Carrie A. and Schumaker, Nathan H. and Shah, Viral B. and Theobald,
	David M.},
	year    = {2019},
	pages   = {239--249},
}

@article{Dimiceli.2015,
  title		=	{{MOD44B MODIS/Terra Vegetation Continuous Fields Yearly L3 Global
  250m SIN Grid v006}},
  author	=	{Dimiceli, C and Carroll, M and Sohlberg, R and Kim, DH and Kelly, M
  and Townshend, JRG},
  journal	=	{{NASA EOSDIS Land Processes DAAC}},
  year		=	{2015},
	note 		= {Accessed 2020-01-15 from
	\url{https://doi.org/10.5067/MODIS/MOD44B.006}}
}

@article{Diniz.2020,
	title = {{Landscape Connectivity Modeling from the Perspective of Animal
	Dispersal}},
	journal = {{Landscape Ecology}},
	author = {Diniz, Milena F. and Cushman, Samuel A. and Machado, Ricardo B. and
	De Marco Júnior, Paulo},
	year = {2020},
}

@article{Dijkstra.1959,
	title 	= {{A Note on Two Problems in Connexion with Graphs}},
	volume 	= {1},
	number 	= {1},
	journal = {{Numerische Mathematik}},
	author 	= {Dijkstra, Edsger W.},
	year 		= {1959},
	pages 	= {269--271}
}

@article{Doerr.2011,
	title 	= {{Connectivity, Dispersal Behaviour and Conservation under Climate
	Change: A Response to Hodgson et al.: Connectivity and Dispersal Behaviour}},
	author 	= {Doerr, Veronica A. J. and Barrett, Tom and Doerr, Erik D.},
	journal = {{Journal of Applied Ecology}},
	year 		= {2011},
	volume 	= {48},
	number 	= {1},
	pages 	= {143--147},
}

@article{Driezen.2007,
	title   = {{Evaluating Least-Cost Model Predictions with Empirical Dispersal
	Data: A Case-Study Using Radiotracking Data of Hedgehogs (Erinaceus
	europaeus)}},
	volume  = {209},
	doi     = {10.1016/j.ecolmodel.2007.07.002},
	number  = {2-4},
	journal = {{Ecological Modelling}},
	author  = {Driezen, Kassandra and Adriaensen, Frank and Rondinini, Carlo and
	Doncaster, C. Patrick and Matthysen, Erik},
	year    = {2007},
	pages   = {314--322},
}

@article{Dutson.2005,
  title		= {{Forest-Dwelling African Wild Dogs in the Bale Mountains,
  Ethiopia}},
  author	= {Dutson, Guy and Sillero-Zubiri, Claudio},
  journal	= {{Canid News}},
  volume	= {8},
  pages		= {1--6},
  year		= {2005}
}

@Article{Eddelbuettel.2011,
    title   = {{Rcpp: Seamless R and C++ Integration}},
    author  = {Dirk Eddelbuettel and Romain Fran\c{c}ois},
    journal = {{Journal of Statistical Software}},
    year    = {2011},
    volume  = {40},
    number  = {8},
    pages   = {1--18},
    url     = {https:  //www.jstatsoft.org/v40/i08/},
    doi     = {10.18637/jss.v040.i08},
  }

@Book{Eddelbuettel.2013,
  title     = {{Seamless R and C++ Integration with Rcpp}},
  author    = {Dirk Eddelbuettel},
  publisher = {Springer},
  address   = {New York},
  year      = {2013},
  note      = {ISBN 978-1-4614-6867-7},
  doi       = {10.1007/978-1-4614-6868-4},
}

@article{Ehrlich.1986,
	title   = {{Nonadaptive Hilltopping Behavior in Male Checkerspot Butterflies
	(Euphydryas editha)}},
	volume  = {127},
	number  = {4},
	journal = {{The American Naturalist}},
	author  = {Ehrlich, Paul R. and Wheye, Darryl},
	year    = {1986},
	pages   = {477--483},
}

@Manual{Elff.2018,
  title 	= {{mclogit: Mixed Conditional Logit Models}},
  author 	= {Martin Elff},
  year 		= {2018},
  note 		= {R package version 0.6.1},
  url 		= {https://CRAN.R-project.org/package=mclogit},
}

@article{Elliot.2014,
	title      = {{The Devil is in the Dispersers: Predictions of Landscape
	Connectivity Change with Demography}},
	volume     = {51},
	number     = {5},
	journal    = {{Journal of Applied Ecology}},
	author     = {Elliot, Nicholas B. and Cushman, Samuel A. and Macdonald, David
	W. and Loveridge, Andrew J.},
	editor     = {Pettorelli, Nathalie},
	year       = {2014},
	pages      = {1169--1178}
}

@article{Estes.1967,
	title 	= {{Prey Selection and Hunting Behavior of the African Wild Dog}},
	volume 	= {31},
	issn 		= {0022541X},
	number 	= {1},
	journal = {{The Journal of Wildlife Management}},
	author 	= {Estes, Richard D. and Goddard, John},
	year 		= {1967},
	pages 	= {52},
}

@book{Estes.2012,
	address 	= {Berkeley, CA, USA},
	title 		= {{The Behavior Guide to African Mammals: Including Hoofed Mammals,
	Carnivores, Primates}},
	isbn 			= {978-0-520-27297-2},
	publisher = {The University of California Press},
	author 		= {Estes, Richard and Otte, Daniel},
	year 			= {2012},
}

@misc{ESA.2015,
	title 	= {{ESA CCI Land Cover}},
 	year  	= {2020},
  note 		= {Accessed 2020-01-15 from
  \url{https://maps.elie.ucl.ac.be/CCI/viewer/}},
	author 	= {{European Space Agency}}
}

@article{Etherington.2016,
	title   = {{Least-Cost Modelling and Landscape Ecology: Concepts,
	Applications, and Opportunities}},
	volume  = {1},
	doi     = {10.1007/s40823-016-0006-9},
	number  = {1},
	journal = {{Current Landscape Ecology Reports}},
	author  = {Etherington, Thomas R.},
	year    = {2016},
	pages   = {40--53},
}

@article{Fanshawe.1991,
	title   = {{The Wild Dog - Africa's Vanishing Carnivore}},
	volume  = {25},
	number  = {3},
	journal = {{Oryx}},
	author  = {Fanshawe, John H. and Frame, Lory H. and Ginsberg, Joshua R.},
	year    = {1991},
	pages   = {137--146},
}

@article{Frame.1976,
  title		= {{Female African Wild Dogs Emigrate}},
  author	= {Frame, Lory Herbison and Frame, George W},
  journal	= {{Nature}},
  volume	= {263},
  number	= {5574},
  pages		= {227--229},
  year		= {1976},
}

@article{Fretwell.1969,
	title     = {{On Territorial Behavior and Other Factors Influencing Habitat
	Distribution in Birds}},
	volume    = {19},
	number    = {1},
	journal   = {{Acta Biotheoretica}},
	author    = {Fretwell, Stephen Dewitt},
	year      = {1969},
	publisher = {Springer},
	pages     = {45--52}
}

@article{Fryxell.2008,
	title 	= {{Multiple Movement Modes by Large Herbivores at Multiple
	Spatiotemporal Scales}},
	volume 	= {105},
	number 	= {49},
	journal = {{Proceedings of the National Academy of Sciences}},
	author 	= {Fryxell, John M. and Hazell, Megan and Börger, Luca and Dalziel, Ben
	D. and Haydon, Daniel T. and Morales, Juan M. and McIntosh, Therese and
	Rosatte, Rick C.},
	year 		= {2008},
	pages 	= {19114--19119}
}

@Article{NLMR.2018,
  title 	= {{NLMR and Landscapetools: An Integrated Environment for Simulating
  and Modifying Neutral Landscape Models in R}},
  author 	= {Marco Sciaini and Matthias Fritsch and Cedric Scherer and Craig E.
  Simpkins},
  journal = {{Methods in Ecololgy and Evolution}},
  volume 	= {00},
  pages 	= {1--9},
  year 		= {2018},
  url 		= {https://doi.org/10.1111/2041-210X.13076},
}

@misc{ESA.2019,
	title 	= {{CCI Land Cover – S2 Prototype Land Cover 20m
	Map of Africa 2016}},
 	year  	= {2019},
  note 		= {Accessed 2020-01-15 from
  \url{http://2016africalandcover20m.esrin.esa.int/viewer.php}},
	author 	= {{European Space Agency}}
}

@misc{Facebook.2019,
	title		= {{High Resolution Population Density Maps}},
 	year  	= {2019},
	author	= {Facebook},
  note 		= {Accessed 2020-01-15 from
	\url{https://data.humdata.org/dataset/highresolutionpopulationdensitymaps}}
}

@article{Fahrig.2003,
	title 	= {{Effects of Habitat Fragmentation on Biodiversity}},
	volume 	= {34},
	number 	= {1},
	journal = {{Annual Review of Ecology, Evolution, and Systematics}},
	author 	= {Fahrig, Lenore},
	year 		= {2003},
	pages 	= {487--515},
}

@article{Fanshawe.1997,
	author     = {Fanshawe, J. H. and Ginsberg and Sillero-Zubiri, C. and
	Woodroffe, R.},
	year       = {1997},
	title      = {{The Status and Distribution of Remaining Wild Dog Populations}},
	pages      = {11--57},
	volume     = {22},
	journal    = {{The African Wild Dog---Status Survey and Conservation Action
	Plan}}
}

@article{Fattebert.2015,
	title 	= {{Structural Habitat Predicts Functional Dispersal Habitat of a Large
	Carnivore: How Leopards Change Spots}},
	author 	= {Fattebert, Julien and Robinson, Hugh S. and Balme, Guy and Slotow,
	Rob and Hunter, Luke},
	journal = {{Ecological Applications}},
	year 		= {2015},
	volume 	= {25},
	number 	= {7},
	pages 	= {1911--1921},
}

@article{Ferreras.2001,
	title   = {{Landscape Structure and Asymmetrical Inter-Patch Connectivity in a
	Metapopulation of the Endangered Iberian Lynx}},
	volume  = {100},
	doi     = {10.1016/S0006-3207(00)00213-5},
	number  = {1},
	journal = {{Biological Conservation}},
	author  = {Ferreras, P.},
	year    = {2001},
	pages   = {125--136},
}

@article{Fieberg.2010,
	title   = {{Correlation and Studies of Habitat Selection: Problem, Red Herring
	or Opportunity?}},
	volume  = {365},
	doi     = {10.1098/rstb.2010.0079},
	number  = {1550},
	journal = {{Philosophical Transactions of the Royal Society B: Biological
	Sciences}},
	author  = {Fieberg, John and Matthiopoulos, Jason and Hebblewhite, Mark and
	Boyce, Mark S. and Frair, Jacqueline L.},
	year    = {2010},
	pages   = {2233--2244},
}

@techreport{Fieberg.2020,
	type        = {preprint},
	title       = {{A ‘How-to’ Guide for Interpreting Parameters in Resource- and
	Step-Selection Analyses}},
	url         = {http://biorxiv.org/lookup/doi/10.1101/2020.11.12.379834},
	language    = {en},
	institution = {Ecology},
	author      = {Fieberg, John and Signer, Johannes and Smith, Brian and Avgar,
	Tal},
	year        = {2020},
	doi         = {10.1101/2020.11.12.379834},
}

@article{Forrest.2010,
	title   = {{Toward a Synthetic Understanding of the Role of Phenology in
	Ecology and Evolution}},
	volume  = {365},
	issn    = {0962-8436, 1471-2970},
	number  = {1555},
	journal = {{Philosophical Transactions of the Royal Society B: Biological
	Sciences}},
	author  = {Forrest, Jessica and Miller-Rushing, Abraham J.},
	year    = {2010},
	pages   = {3101--3112},
}

@article{Forester.2009,
	title 			= {{Accounting for Animal Movement in Estimation of Resource
	Selection Functions: Sampling and Data Analysis}},
	volume 			= {90},
	number 			= {12},
	journal 		= {Ecology},
	author 			= {Forester, James D. and Im, Hae Kyung and Rathouz, Paul J.},
	year 				= {2009},
	pages 			= {3554--3565},
}

@article{Fortin.2005,
	author     = {Fortin, Daniel and Beyer, Hawthorne L. and Boyce, Mark S. and
	Smith, Douglas W. and Duchesne, Thierry and Mao, Julie S.},
	year       = {2005},
	title      = {{Wolves Influence Elk Movements: Behavior Shapes a Trophic
	Cascade in Yellowstone National Park}},
	pages      = {1320--1330},
	volume     = {86},
	number     = {5},
	journal    = {Ecology}
}

@article{Fortin.2009,
	title    = {{Group-Size-Mediated Habitat Selection and Group Fusion–Fission
	Dynamics of Bison under Predation Risk}},
	volume   = {90},
	number   = {9},
	journal  = {Ecology},
	author   = {Fortin, Daniel and Fortin, Marie-Eve and Beyer, Hawthorne L. and
	Duchesne, Thierry and Courant, Sabrina and Dancose, Karine},
	year     = {2009},
	pages    = {2480--2490}
}

@article{Fortuna.2006,
	title 	= {{Habitat Loss and the Structure of Plant-Animal Mutualistic
	Networks: Mutualistic Networks and Habitat Loss}},
	volume 	= {9},
	number 	= {3},
	journal = {{Ecology Letters}},
	author 	= {Fortuna, Miguel A. and Bascompte, Jordi},
	year 		= {2006},
	pages 	= {281--286},
}

@article{Frame.1979,
	title    = {{Social Organization of African Wild Dogs (Lycaon pictus) on the
	Serengeti Plains, Tanzania}},
	volume   = {50},
	number   = {3},
	journal  = {{Zeitschrift für Tierpsychologie}},
	author   = {Frame, Lory Herbison and Malcolm, James R. and Frame, George W.
	and Van Lawick, Hugo},
	year     = {1979},
	pages    = {225--249}
}

@book{Frankham.2002,
	title 		= {{Introduction to Conservation Genetics}},
	publisher = {Cambridge University Press},
	address 	= {Cambridge, UK},
	author 		= {Frankham, Richard and Briscoe, David A. and Ballou, Jonathan D.},
	year 			= {2002}
}

@incollection{Fuller.1992,
	title      = {{Population Dynamics of African Wild Dogs}},
	booktitle  = {Wildlife 2001: Populations},
	publisher  = {Springer},
	author     = {Fuller, Todd K. and Kat, Pieter W. and Bulger, John B. and
	Maddock, Anthony H. and Ginsberg, Joshua R. and Burrows, Roger and Mcnutt, J.
	Weldon and Mills, M. G. L.},
	year       = {1992},
	pages      = {1125--1139},
	address 	 = {Dordrecht, NLD}
}

@misc{OpenStreetMap.2019,
	author	= {{Open Street Map}},
	title 	= {{Planet dump retrieved from https://planet.osm.org }},
	note 	= {Accessed 2020-01-15 from \url{ https://www.openstreetmap.org }},
	year 	= {2019},
}

@Article{Gabor.2006,
  title   = {{The igraph Software Package for Complex Network Research}},
  author  = {Gabor Csardi and Tamas Nepusz},
  journal = {{InterJournal}},
  volume  = {Complex Systems},
  pages   = {1695},
  year    = {2006},
  url     = {https: //igraph.org},
}

@article{Gardner.2004,
	title   = {{Simulating Dispersal of Reintroduced Species within Heterogeneous
	Landscapes}},
	volume  = {171},
	doi     = {10.1016/j.ecolmodel.2003.08.008},
	number  = {4},
	journal = {{Ecological Modelling}},
	author  = {Gardner, Robert H. and Gustafson, Eric J.},
	year    = {2004},
	pages   = {339--358},
}

@article{Gaston.2016,
	title   = {{Response to Agriculture by a Woodland Species Depends on Cover
	Type and Behavioural State: Insights from Resident and Dispersing Iberian
	Lynx}},
	volume  = {53},
	doi     = {10.1111/1365-2664.12629},
	number  = {3},
	journal = {{Journal of Applied Ecology}},
	author  = {Gastón, Aitor and Blázquez-Cabrera, Sandra and Garrote, Germán and
	Mateo-Sánchez, María C. and Beier, Paul and Simón, Miguel A. and Saura,
	Santiago},
	editor  = {Wintle, Brendan},
	year    = {2016},
	pages   = {814--824},
}

@misc{Geofabrik.2019,
	title 	= {Geofabrik},
	url 		= {http://www.geofabrik.de/},
	urldate = {2019-01-24},
	author 	= {Geofabrik},
	year 		= {2019},
}

@article{GilbertNorton.2010,
	title   = {{A Meta-Analytic Review of Corridor Effectiveness: Corridor
	Meta-Analysis}},
	volume  = {24},
	number  = {3},
	journal = {{Conservation Biology}},
	author  = {Gilbert-Norton, Lynne and Wilson, Ryan and Stevens, John R. and
	Beard, Karen H.},
	year    = {2010},
	pages   = {660--668},
}

@article{Girman.1997,
	title   = {{A Molecular Genetic Analysis of Social Structure, Dispersal, and
	Interpack Relationships of the African Wild Dog (Lycaon pictus)}},
	volume  = {40},
	doi     = {10.1007/s002650050332},
	number  = {3},
	journal = {{Behavioral Ecology and Sociobiology}},
	author  = {Girman, Derek J. and Mills, M. G. L. and Geffen, Eli and Wayne,
	Robert K.},
	year    = {1997},
	pages   = {187--198},
}

@article{Girman.2001,
	title 	= {{Patterns of Population Subdivision, Gene Flow and Genetic
	Variability in the African Wild Dog (Lycaon pictus)}},
	volume 	= {10},
	number 	= {7},
	journal = {{Molecular Ecology}},
	author 	= {Girman, D. J. and Vilà, C. and Geffen, E. and Creel, S. and Mills,
	M. G. L. and Mcnutt, J. W. and Ginsberg, J. and Kat, P. W. and Mamiya, K. H.
	and Wayne, R. K.},
	year 		= {2001},
	pages 	= {1703--1723},
}

@book{Gittleman.2001,
  title			=	{{Carnivore Conservation}},
  author		=	{Gittleman, John L and Funk, Stephan M and MacDonald, David W and
  Wayne, Robert K},
  year			=	{2001},
  publisher	=	{{Cambridge University Press Cambridge}}
}

@article{Gorman.1998,
	title   = {{High Hunting Costs Make African Wild Dogs Vulnerable to
	Kleptoparasitism by Hyaenas}},
	volume  = {391},
	doi     = {10.1038/35131},
	number  = {6666},
	journal = {{Nature}},
	author  = {Gorman, Martyn L. and Mills, Michael G. and Raath, Jacobus P. and
	Speakman, John R.},
	year    = {1998},
	pages   = {479--481},
}

@article{Graf.2007,
	title    = {{What you see is where you go? Modeling Dispersal in Mountainous
	Landscapes}},
	volume   = {22},
	doi      = {10.1007/s10980-006-9073-3},
	language = {en},
	number   = {6},
	journal  = {{Landscape Ecology}},
	author   = {Graf, Roland F. and Kramer-Schadt, Stephanie and Fernández, Néstor
	and Grimm, Volker},
	year     = {2007},
	pages    = {853--866},
}

@article{Grimm.2010,
	title   = {{The ODD Protocol: A Review and First Update}},
	volume  = {221},
	number  = {23},
	urldate = {2020-10-01},
	journal = {{Ecological Modelling}},
	author  = {Grimm, Volker and Berger, Uta and DeAngelis, Donald L. and Polhill,
	J. Gary and Giske, Jarl and Railsback, Steven F.},
	year    = {2010},
	pages   = {2760--2768},
}

@article{Gumbricht.2004,
	title 	= {{Forecasting the Spatial Extent of the Annual Flood in the Okavango
	Delta, Botswana}},
	volume 	= {290},
	number 	= {3-4},
	journal = {Journal of Hydrology},
	author 	= {Gumbricht, T and Wolski, P and Frost, P and McCarthy, T.S},
	year 		= {2004},
	pages 	= {178--191},
}

@article{Gurarie.2009,
	title 	= {{A Novel Method for Identifying Behavioural Bhanges in Animal
	Movement Data}},
	volume 	= {12},
	number 	= {5},
	journal = {{Ecology Letters}},
	author 	= {Gurarie, Eliezer and Andrews, Russel D. and Laidre, Kristin L.},
	year 		= {2009},
	pages 	= {395--408},
}

@article{Gustafson.1996,
	title    = {{The Effect of Landscape Heterogeneity on the Probability of Patch Colonization}},
	volume   = {77},
	doi      = {10.2307/2265659},
	language = {en},
	number   = {1},
	journal  = {{Ecology}},
	author   = {Gustafson, Eric J. and Gardner, Robert H.},
	year     = {1996},
	pages    = {94--107},
}

@article{Hanski.1998,
	title    = {{Metapopulation Dynamics}},
	volume   = {396},
	number   = {6706},
	journal  = {Nature},
	author   = {Hanski, Ilkka},
	year     = {1998},
	pages    = {41--49}
}

@article{Hanski.1999a,
	title   = {{Habitat Connectivity, Habitat Continuity, and Metapopulations in
	Dynamic Landscapes}},
	volume  = {87},
	number  = {2},
	journal = {{Oikos}},
	author  = {Hanski, Ilkka},
	year    = {1999},
	pages   = {209},
}

@book{Hanski.1999b,
	title     = {{Metapopulation Ecology}},
	publisher = {{Oxford University Press}},
	author    = {Hanski, Ilkka},
	year      = {1999},
}

@book{Harris.1984,
	title     = {{The Fragmented Forest: Island Biogeography Theory and the
	Preservation of Biotic Diversity}},
	isbn      = {0-226-31764-1},
	publisher = {{University of Chicago Press}},
	author    = {Harris, Larry D. and Harris, Larry D.},
	year      = {1984}
}

@article{Hauenstein.2019,
	author 	= {Hauenstein, Severin and Fattebert, Julien and Grüebler, Martin U.
	and Naef-Daenzer, Beat and Pe'er, Guy and Hartig, Florian},
	title 	= {{Calibrating an Individual-Based Movement Model to Predict Functional
	Connectivity for Little Owls}},
	journal = {{Ecological Applications}},
	volume 	= {29},
	number 	= {4},
	pages 	= {e01873},
	year 		= {2019}
}

@article{Heller.2009,
	title 	= {{Biodiversity Management in the Face of Climate Change: A Review of
	22 Years of Recommendations}},
	volume 	= {142},
	number 	= {1},
	journal = {{Biological Conservation}},
	author 	= {Heller, Nicole E. and Zavaleta, Erika S.},
	year 		= {2009},
	pages 	= {14--32}
}

@Manual{Hijmans.2020,
  title  = {{raster: Geographic Data Analysis and Modeling}},
  author = {Robert J. Hijmans},
  year   = {2020},
  note   = {R package version 3.3-13},
  url    = {https:  //CRAN.R-project.org/package = raster},
}

@article{Hodgson.2009,
	title   = {{Climate Change Connectivity and Conservation Decision Making: Back
	to Basics}},
	volume  = {46},
	number  = {5},
	journal = {{Journal of Applied Ecology}},
	author  = {Hodgson, Jenny A. and Thomas, Chris D. and Wintle, Brendan A. and
	Moilanen, Atte},
	year    = {2009},
	pages   = {964--969},
}

@phdthesis{Hofmann.2020,
	address   = {Zurich},
	type      = {{Master's Thesis}},
  title			=	{{On The Move: Dispersal Corridors of the African Wild Dog (Lycaon
  pictus) across the Kavango-Zambezi Transfrontier Conservation Area}},
  author		=	{Hofmann, David Denis},
  year			=	{2020},
	school    = {University of Zurich},
}

@article{Hofmann.2021,
	author 	= {Hofmann, David Denis and Behr, Dominik M and McNutt, J. Weldon and
	Ozgul, Arpat and Cozzi, Gabriele},
	title   = {{Bound within Boundaries: How Well Do Protected Areas Match
	Movement Corridors of their Most Mobile Protected Species?}},
	year    = {2021},
	journal = {{Journal of Applied Ecology}},
	note 		= {(in 2\textsuperscript{nd} review)}
}

@Manual{Hollister.2017,
  author = {Jeffrey Hollister and {Tarak Shah}},
  title  = {{elevatr: Access Elevation Data from Various APIs}},
  year   = {2017},
  note   = {R package version 0.1.3, doi: 10.5281/zenodo.400259},
  url    = {http://github.com/usepa/elevatr},
}

@article{Howard.1960,
	title   = {{Innate and Environmental Dispersal of Individual Vertebrates}},
	volume  = {63},
	number  = {1},
	journal = {{American Midland Naturalist}},
	author  = {Howard, Walter E.},
	year    = {1960},
	pages   = {152},
}

@Manual{Hunziker.2021,
  title  = {{velox: Fast Raster Manipulation and Extraction}},
  author = {Philipp Hunziker},
  year   = {2021},
  note   = {R package version 0.2.1},
}

@article{Jackson.2016,
	title 			= {{Evaluating Habitat Connectivity Methodologies: A Case Study with
	Endangered African Wild Dogs in South Africa}},
	author 			= {Jackson, Craig R. and Marnewick, Kelly and Lindsey, Peter A. and
	Røskaft, Eivin and Robertson, Mark P.},
	volume 			= {31},
	number 			= {7},
	journal 		= {{Landscape Ecology}},
	year 				= {2016},
	pages 			= {1433--1447},
}

@article{Jackson.2017,
	title    = {{The Effect of Relatedness and Pack Size on Territory Overlap in
	African Wild Dogs}},
	volume   = {5},
	issn     = {2051-3933},
	doi      = {10.1186/s40462-017-0099-8},
	number   = {1},
	journal  = {{Movement Ecology}},
	author   = {Jackson, Craig R. and Groom, Rosemary J. and Jordan, Neil R. and
	McNutt, J. Weldon},
	year     = {2017},
	pages    = {10},
}

@article{Jonsson.2016,
	title 	= {{Tracking Animal Dispersal: From Individual Movement to Community
	Assembly and Global Range Dynamics}},
	volume 	= {31},
	number 	= {3},
	journal = {{Trends in Ecology \& Evolution}},
	author 	= {Jønsson, Knud Andreas and Tøttrup, Anders P. and Borregaard,
	Michael Krabbe and Keith, Sally A. and Rahbek, Carsten and Thorup, Kasper},
	year 		= {2016},
	pages 	= {204--214},
}

@article{Kanagaraj.2013,
	title 	= {{Using Individual-Based Movement Models to Assess Inter-Patch
	Connectivity for Large Carnivores in Fragmented Landscapes}},
	author 	= {Rajapandian Kanagaraj and Thorsten Wiegand and Stephanie Kramer-Schadt
	and Surendra P. Goyal},
	journal = {{Biological Conservation}},
	volume 	= {167},
	pages 	= {298 - 309},
	year 		= {2013},
}

@article{Kaue.2020,
  title     = {{chirps: API Client for the CHIRPS Precipitation Data in R}},
  author    = {Kaue {de Sousa} and Adam H. Sparks and William Ashmall and Jacob
  {van Etten} and Svein O. Solberg},
  year      = {2020},
  doi       = {10.21105/joss.02419},
  journal   = {{The Journal of Open Source Software}},
  publisher = {The Open Journal},
  volume    = {5},
  number    = {51},
  pages     = {2419},
  url       = {https://doi.org/10.21105/joss.02419},
}

@article{Kays.2015,
	title 	= {{Terrestrial Animal Tracking as an Eye on Life and Planet}},
	volume 	= {348},
	number 	= {6240},
	urldate = {2020-01-30},
	journal = {{Science}},
	author 	= {Kays, R. and Crofoot, M. C. and Jetz, W. and Wikelski, M.},
	pages 	= {aaa2478 - aaa2478},
	year 		= {2015},
}

@article{Keeley.2017,
	title   = {{Habitat Suitability is a Poor Proxy for Landscape Connectivity
	during Dispersal and Mating Movements}},
	volume  = {161},
	doi     = {10.1016/j.landurbplan.2017.01.007},
	journal = {{Landscape and Urban Planning}},
	author  = {Keeley, Annika T.H. and Beier, Paul and Keeley, Brian W. and Fagan,
	Matthew E.},
	year    = {2017},
	pages   = {90--102},
}

@book{Kenward.2000,
	title     = {{A Manual for Wildlife Radio Tagging}},
	isbn      = {0-08-057420-3},
	publisher = {{Academic Press}},
	author    = {Kenward, Robert E.},
	year      = {2000}
}

@article{Killeen.2014,
  title			=	{{Habitat Selection during Ungulate Dispersal and Exploratory
  Movement at Broad and Fine Scale with Implications for Conservation
  Management}},
  author		=	{Killeen, Joshua and Thurfjell, Henrik and Ciuti, Simone and Paton,
  Dale and Musiani, Marco and Boyce, Mark S},
  journal		=	{Movement Ecology},
  volume		=	{2},
  number		=	{1},
  pages			=	{15},
  year			=	{2014},
  publisher	= {BioMed Central}
}

@book{Kingdon.1989,
	title     = {{East African Mammals: An Atlas of Evolution in Africa. Bd. 3,A:
	Carnivores}},
	publisher = {Academic Press},
	author    = {Kingdon, Jonathan},
	year      = {1989},
	isbn      = {978-0-226-43721-7},
	address   = {London},
}

@article{Kleinmann.2010,
	title   = {{Modeling Individual Movement Decisions of Brown Hare (Lepus
	europaeus) as a Key Concept for Realistic Spatial Behavior and Exposure: A
	Population Model for Landscape-Level Risk Assessment: Population Modeling of
	Brown Hare}},
	volume  = {36},
	number  = {9},
	journal = {{Environmental Toxicology and Chemistry}},
	author  = {Kleinmann, Joachim U. and Wang, Magnus},
	year    = {2017},
	pages   = {2299--2307},
}

@article{Koen.2010,
	title 	= {{The Effect of Map Boundary on Estimates of Landscape Resistance to
	Animal Movement}},
	volume 	= {5},
	number 	= {7},
	journal = {PlOS ONE},
	author 	= {Koen, Erin L. and Garroway, Colin J. and Wilson, Paul J. and
	Bowman, Jeff},
	year 		= {2010},
	pages 	= {e11785}
}

@article{Koen.2014,
	title   = {{Landscape Connectivity for Wildlife: Development and Validation of
	Multispecies Linkage Maps}},
	volume  = {5},
	doi     = {10.1111/2041-210X.12197},
	number  = {7},
	journal = {{Methods in Ecology and Evolution}},
	author  = {Koen, Erin L. and Bowman, Jeff and Sadowski, Carrie and Walpole,
	Aaron A.},
	editor  = {Tatem, Andrew},
	year    = {2014},
	pages   = {626--633},
}

@article{Koen.2014,
	title   = {{Landscape Connectivity for Wildlife: Development and Validation of
	Multispecies Linkage Maps}},
	volume  = {5},
	doi     = {10.1111/2041-210X.12197},
	number  = {7},
	journal = {{Methods in Ecology and Evolution}},
	author  = {Koen, Erin L. and Bowman, Jeff and Sadowski, Carrie and Walpole,
	Aaron A.},
	editor  = {Tatem, Andrew},
	year    = {2014},
	pages   = {626--633},
}

@article{Kokko.2006,
	title   = {{From Individual Dispersal to Species Ranges: Perspectives for a
	Changing World}},
	volume  = {313},
	number  = {5788},
	journal = {{Science}},
	author  = {Kokko, H.},
	year    = {2006},
	pages   = {789--791},
}

@article{KramerSchadt.2004,
	title   = {{Fragmented Landscapes, Road Mortality and Patch Connectivity:
	Modelling Influences on the Dispersal of Eurasian lynx}},
	volume  = {41},
	doi     = {10.1111/j.0021-8901.2004.00933.x},
	number  = {4},
	journal = {{Journal of Applied Ecology}},
	author  = {Kramer-Schadt, Stephanie and Revilla, Eloy and Wiegand, Thorsten
	and Breitenmoser, Urs},
	year    = {2004},
	pages   = {711--723},
}

@article{KramerSchadt.2007,
	title    = {{Patterns for Parameters in Simulation Models}},
	volume   = {204},
	issn     = {03043800},
	doi      = {10.1016/j.ecolmodel.2007.01.018},
	language = {en},
	number   = {3-4},
	journal  = {{Ecological Modelling}},
	author   = {Kramer-Schadt, Stephanie and Revilla, Eloy and Wiegand, Thorsten
	and Grimm, Volker},
	year     = {2007},
	pages    = {553--556},
}

@article{Kuhme.1965,
	title   = {{Freilandstudien zur Soziologie des Hyänenhundes (Lycaon pictus
	lupinus, Thomas 1902) 2}},
	volume  = {22},
	number  = {5},
	journal = {{Zeitschrift für Tierpsychologie}},
	author  = {Kühme, Wolfdietrich},
	year    = {1965},
	pages   = {495--541},
}

@article{Ladle.2019,
	title   = {{Grizzly Bear Response to Spatio‐Temporal Variability in Human
	Recreational Activity}},
	volume  = {56},
	doi     = {10.1111/1365-2664.13277},
	number  = {2},
	journal = {{Journal of Applied Ecology}},
	author  = {Ladle, Andrew and Avgar, Tal and Wheatley, Matthew and Stenhouse,
	Gordon B. and Nielsen, Scott E. and Boyce, Mark S.},
	editor  = {Durant, Sarah},
	year    = {2019},
	pages   = {375--386},
}

@article{Landguth.2012,
	title   = {{UNICOR: A Species Connectivity and Corridor Network Simulator}},
	volume  = {35},
	doi     = {10.1111/j.1600-0587.2011.07149.x},
	number  = {1},
	journal = {{Ecography}},
	author  = {Landguth, E. L. and Hand, B. K. and Glassy, J. and Cushman, S. A.
	and Sawaya, M. A.},
	year    = {2012},
	pages   = {9--14},
}

@article{Latham.2011,
	title 		= {{Movement Responses by Wolves to Industrial Linear Features and
	Their Effect on Woodland Caribou in Northeastern Alberta}},
	volume 		= {21},
	number 		= {8},
	journal 	= {{Ecological Applications}},
	author 		= {Latham, A. David M. and Latham, M. Cecilia and Boyce, Mark S. and
	Boutin, Stan},
	year 			= {2011},
	pages 		= {2854--2865},
}

@article{Latombe.2014,
	title   = {{Spatio-Temporal Dynamics in the Response of Woodland Caribou and
	Moose to the Passage of Grey Wolf}},
	volume  = {83},
	doi     = {10.1111/1365-2656.12108},
	number  = {1},
	journal = {{Journal of Animal Ecology}},
	author  = {Latombe, Guillaume and Fortin, Daniel and Parrott, Lael},
	editor  = {Stouffer, Daniel},
	year    = {2014},
	pages   = {185--198},
}

@article{Leigh.2012,
	title 	= {{Loss of Genetic Diversity in an Outbreeding Species: Small
	Population Effects in the African Wild Dog (Lycaon pictus)}},
	volume 	= {13},
	number 	= {3},
	journal = {{Conservation Genetics}},
	author 	= {Leigh, Kellie A. and Zenger, Kyall R. and Tammen, Imke and Raadsma,
	Herman W.},
	year 		= {2012},
	pages 	= {767--777},
}

@article{Loveridge.2017,
	title      = {{The Landscape of Anthropogenic Mortality: How African Lions
	Respond to Spatial Variation in Risk}},
	volume     = {54},
	issn       = {00218901},
	shorttitle = {{The Landscape of Anthropogenic Mortality}},
	doi        = {10.1111/1365-2664.12794},
	number     = {3},
	journal    = {Journal of Applied Ecology},
	author     = {Loveridge, Andrew J. and Valeix, Marion and Elliot, Nicholas B.
	and Macdonald, David W.},
	editor     = {Howe, Caroline},
	year       = {2017},
	pages      = {815--825},
}

@book{MacArthur.2001,
	title 		= {{The Theory of Island Biogeography}},
	volume 		= {1},
	publisher = {Princeton University Press},
	address 	= {Princeton, New Jersey, USA},
	author 		= {MacArthur, Robert H. and Wilson, Edward O.},
	year 			= {2001}
}

@article{Maddock.1994,
	title = {{Population Characteristics of African Wild Dogs (Lycaon
	pictus) in the Eastern Transvaal Lowveld, South Africa, as Revealed through
	Photographic Records}},
	volume 	= {67},
	number 	= {1},
	journal = {{Biological Conservation}},
	author 	= {Maddock, A. H. and Mills, M. G. L.},
	year 		= {1994},
	pages 	= {57--62}
}

@article{Malcolm.1982,
	title    = {{Natural Selection and the Communal Rearing of Pups in African
	Wild Dogs (Lycaon pictus)}},
	volume   = {10},
	number   = {1},
	journal  = {{Behavioral Ecology and Sociobiology}},
	author   = {Malcolm, James R. and Marten, Ken},
	year     = {1982},
	pages    = {1--13}
}

@article{Masenga.2016,
	title    = {{Insights into Long-Distance Dispersal by African Wild Dogs in
	East Africa}},
	volume   = {54},
	number   = {1},
	journal  = {{African Journal of Ecology}},
	author   = {Masenga, Emmanuel H. and Jackson, Craig R. and Mjingo, Ernest E.
	and Jacobson, Andrew and Riggio, Jason and Lyamuya, Richard D. and Fyumagwa,
	Robert D. and Borner, Markus and Røskaft, Eivin},
	year     = {2016},
	pages    = {95--98}
}

@article{McCarthy.1998,
	title    = {{Observations on the Hydrology and Geohydrology of the Okavango
	Delta}},
	volume   = {101},
	number   = {2},
	journal  = {{South African Journal of Geology}},
	author   = {McCarthy, Terence S. and Bloem, A. and Larkin, P. A.},
	year     = {1998},
	pages    = {101--117}
}

@article{McClure.2016,
	author   = {McClure, Meredith L. and Hansen, Andrew J. and Inman, Robert M.},
	year     = {2016},
	title    = {{Connecting Models to Movements: Testing Connectivity Model
	Predictions against Empirical Migration and Dispersal Data}},
	pages    = {1419--1432},
	volume   = {31},
	number   = {7},
	journal  = {{Landscape Ecology}}
}

@phdthesis{McNutt.1995,
	address   = {Davis},
	type      = {{PhD Thesis}},
  title			=	{{Sociality and Dispersal in African Wild Dogs, Lycaon pictus}},
  author		=	{McNutt, John Weldon},
  year			=	{1995},
  school		=	{University of California}
}

@article{McNutt.1996,
	title    = {{Sex-Biased Dispersal in African Wild Dogs (Lycaon pictus)}},
	volume   = {52},
	language = {en},
	number   = {6},
	journal  = {{Animal Behaviour}},
	author   = {McNutt, J.Weldon},
	year     = {1996},
	pages    = {1067--1077}
}

@article{McNutt.2008,
	title   = {{Pup Production, Sex Ratios, and Survivorship in African Wild Dogs
	(Lycaon pictus)}},
	volume  = {62},
	doi     = {10.1007/s00265-007-0533-9},
	number  = {7},
	journal = {{Behavioral Ecology and Sociobiology}},
	author  = {McNutt, J. Weldon and Silk, Joan B.},
	year    = {2008},
	pages   = {1061--1067},
}

@article{McComb.1994,
  title			= {{Roaring and Numerical Assessment in Contests Between Groups of
  Female Lions, Panthera leo}},
  author		= {McComb, Karen and Packer, Craig and Pusey, Anne},
  journal		= {{Animal Behaviour}},
  volume		= {47},
  number		= {2},
  pages			= {379--387},
  year			= {1994},
  publisher	= {Elsevier}
}

@article{McRae.2008,
	title   = {{Using Circuit Theory to Model Connectivity in Ecology, Evolution,
	and Conservation}},
	volume  = {89},
	doi     = {10.1890/07-1861.1},
	number  = {10},
	journal = {{Ecology}},
	author  = {McRae, Brad H. and Dickson, Brett G. and Keitt, Timothy H. and
	Shah, Viral B.},
	year    = {2008},
	pages   = {2712--2724},
}

@article{McRae.2006,
	title   = {{Isolation by Resistance}},
	volume  = {60},
	doi     = {10.1111/j.0014-3820.2006.tb00500.x},
	number  = {8},
	journal = {{Evolution}},
	author  = {McRae, Brad H.},
	year    = {2006},
	pages   = {1551--1561},
}

@article{Merkle.2014,
	title   = {{A Memory-Based Foraging Tactic Reveals an Adaptive Mechanism for
	Restricted Space Use}},
	volume  = {17},
	doi     = {10.1111/ele.12294},
	number  = {8},
	journal = {{Ecology Letters}},
	author  = {Merkle, J. A. and Fortin, D. and Morales, J. M.},
	editor  = {Grether, Greg},
	year    = {2014},
	pages   = {924--931},
}

@article{Merkle.2016,
	title   = {{Large Herbivores Surf Waves of Green-Up during Spring}},
	volume  = {283},
	doi     = {10.1098/rspb.2016.0456},
	number  = {1833},
	urldate = {2020-09-24},
	journal = {{Proceedings of the Royal Society B: Biological Sciences}},
	author  = {Merkle, Jerod A. and Monteith, Kevin L. and Aikens, Ellen O. and
	Hayes, Matthew M. and Hersey, Kent R. and Middleton, Arthur D. and Oates,
	Brendan A. and Sawyer, Hall and Scurlock, Brandon M. and Kauffman, Matthew
	J.},
	year    = {2016},
	pages   = {20160456},
}

@article{Merkle.2017,
	title   = {{Energy Benefits and Emergent Space Use Patterns of an Empirically
	Parameterized Model of Memory-Based Patch Selection}},
	volume  = {126},
	doi     = {10.1111/oik.03356},
	number  = {2},
	journal = {{Oikos}},
	author  = {Merkle, Jerod A. and Potts, Jonathan R. and Fortin, Daniel},
	year    = {2017},
}

@article{Mills.1997,
	title 	= {{Factors Affecting the Density and Distribution of Wild Dogs in the
	Kruger National Park}},
	volume 	= {11},
	number 	= {6},
	journal = {{Conservation Biology}},
	author 	= {Mills, Michael G. L. and Gorman, Martyn L.},
	year 		= {1997},
	pages 	= {1397--1406},
}

@Article{Mollie.2017,
  author 	= {Mollie E. Brooks and Kasper Kristensen and Koen J. {van Benthem}
  and Arni Magnusson and Casper W. Berg and Anders Nielsen and Hans J. Skaug and
  Martin Maechler and Benjamin M. Bolker},
  title 	= {{glmmTMB Balances Speed and Flexibility among Packages for
  Zero-Inflated Generalized Linear Mixed Modeling}},
  year 		= {2017},
  journal = {{The R Journal}},
  pages 	= {378--400},
  volume 	= {9},
  number 	= {2},
}

@article{Morales.2004,
	title 	= {{Extracting More out of Relocation Data: Building Movement Models as
	Mixtures of Random Walks}},
	volume 	= {85},
	issn 		= {0012-9658},
	number 	= {9},
	journal = {{Ecology}},
	author 	= {Morales, Juan Manuel and Haydon, Daniel T. and Frair, Jacqui and
	Holsinger, Kent E. and Fryxell, John M.},
	year 		= {2004},
	pages 	= {2436--2445},
}

@article{Morales.2010,
	title 	= {{Building the Bridge Between Animal Movement and Population
	Dynamics}},
	volume 	= {365},
	number 	= {1550},
	journal = {{Philosophical Transactions of the Royal Society B: Biological
	Sciences}},
	author 	= {Morales, Juan M. and Moorcroft, Paul R. and Matthiopoulos, Jason
	and Frair, Jacqueline L. and Kie, John G. and Powell, Roger A. and Merrill,
	Evelyn H. and Haydon, Daniel T.},
	year 		= {2010},
	pages 	= {2289--2301},
}

@article{Muff.2020,
	title 	= {{Accounting for Individual-Specific Variation in Habitat-Selection
	Studies: Efficient Estimation of Mixed-Effects Models Using Bayesian or
	Frequentist Computation}},
	author 	= {Muff, Stefanie and Signer, Johannes and Fieberg, John},
	journal = {{Journal of Animal Ecology}},
	year 		= {2020},
	volume 	= {89},
	number 	= {1},
	pages 	= {80--92},
}

@article{Munden.2020,
	title  = {{Why Did the Animal Turn? Time-Varying Step Selection Analysis for
	Inference Between Observed Turning Points in High Frequency Data}},
	author = {Munden, Rhys and Börger, Luca and Wilson, Rory P. and Redcliffe,
	James and Brown, Rowan and Garel, Mathieu and Potts, Jonathan R.},
	year   = {2020},
	doi    = {10.1101/2020.08.13.249151},
}

@article{Murray.2006,
	title   = {{Scenarios of the Impact of Local and Upstream Changes in Climate
	and Water use on Hydro-Ecology in the Okavango Delta, Botswana}},
	volume  = {331},
	doi     = {10.1016/j.jhydrol.2006.04.041},
	number  = {1-2},
	journal = {{Journal of Hydrology}},
	author  = {Murray-Hudson, Michael and Wolski, Piotr and Ringrose, Susan},
	year    = {2006},
	pages   = {73--84},
}

@article{Murtaugh.2007,
	title 		= {{Simplicity and Complexity in Ecological Data Analysis}},
	volume 		= {88},
	number 		= {1},
	journal 	= {Ecology},
	author 		= {Murtaugh, Paul A.},
	year 			= {2007},
	pages 		= {56--62},
}

@article{Nathan.2001,
 author   = {Nathan, Ran},
 year     = {2001},
 title    = {{The Challenges of Studying Dispersal}},
 pages    = {481--483},
 volume   = {16},
 number   = {9},
 journal  = {{Trends in Ecology \& Evolution}}
}

@article{Nathan.2008,
	title 	= {{An Emerging Movement Ecology Paradigm}},
	volume 	= {105},
	number 	= {49},
	journal = {Proceedings of the National Academy of Sciences},
	author 	= {Nathan, R.},
	year 		= {2008},
	pages 	= {19050--19051},
}

@article{Ndaimani.2016,
	title 		= {{An Ecological Paradox: The African Wild Dog (Lycaon Pictus) Is not
	Attracted to Water Points when Water Is Scarce in Hwange National Park,
	Zimbabwe}},
	volume 		= {11},
	number 		= {1},
	journal 	= {{PLOS ONE}},
	author 		= {Ndaimani, Henry and Tagwireyi, Paradzayi and Sebele, Lovelater and
	Madzikanda, Hillary},
	editor 		= {Allen, Benjamin Lee},
	year 			= {2016},
	pages 		= {e0146263},
}

@article{Ogutu.2014,
	title 	= {{Large Herbivore Responses to Surface Water and Land Use in an East
	African Savanna: Implications for Conservation and Human-Wildlife Conflicts}},
	volume 	= {23},
	number 	= {3},
	journal = {{Biodiversity and Conservation}},
	author 	= {Ogutu, Joseph O. and Reid, Robin S. and Piepho, Hans-Peter and
	Hobbs, Nicholas T. and Rainy, Michael E. and Kruska, Russell L. and Worden,
	Jeffrey S. and Nyabenge, Meshack},
	year 		= {2014},
	pages 	= {573--596}
}

@article{Oneill.2020,
	title 	= {{What Wild Dogs Want: Habitat Selection Differs across Life Stages
	and Orders of Selection in a Wide-Ranging Carnivore}},
	volume 	= {5},
	number 	= {1},
	journal = {BMC Zoology},
	author 	= {O’Neill, Helen M. K. and Durant, Sarah M. and Woodroffe, Rosie},
	year 		= {2020},
}

@misc{ORI.2019,
	title 	= {{Monitoring and Forecasting}},
 	year  	= {2019},
  note 		= {Accessed 2020-01-15 from
  \url{http://www.okavangodata.ub.bw/ori/monitoring/flood_maps/#}},
	author 	= {{Okavango Research Institute}}
}

@article{Osipova.2019,
	title = {{Using Step‐Selection Functions to Model landscape Connectivity for
	African Elephants: Accounting for Variability across Individuals and
	Seasons}},
	volume = {22},
	number = {1},
	journal = {{Animal Conservation}},
	author = {Osipova, L. and Okello, M. M. and Njumbi, S. J. and Ngene, S. and
	Western, D. and Hayward, M. W. and Balkenhol, N.},
	year = {2019},
	pages = {35--48},
}

@article{Osofsky.1996,
	title 	= {{Immobilization of Free-Ranging African Wild Dogs (Lycaon pictus)
	Using a Ketamine/Xylazine/Atropine Combination}},
	journal = {{Journal of Zoo and Wildlife Medicine}},
	author 	= {Osofsky, Steven A. and McNutt, John W. and Hirsch, Karen J.},
	year 		= {1996},
	pages 	= {528--532}
}

@article{Ozgul.2006,
	author 	= {Ozgul, Arpat and Armitage, Kenneth B. and Blumstein, Daniel T. and
	Oli, Madan K.},
	title 	= {{Spatiotemporal Variation in Survival Rates: Implications for
	Population Dynamics of Yellow-Bellied Marmots}},
	journal = {{Ecology}},
	volume 	= {87},
	number 	= {4},
	pages 	= {1027-1037},
	year 		= {2006}
}

@article{Ozgul.2009,
	author 	= {Ozgul, Arpat and Tuljapurkar, Shripad and Benton, Tim G. and
	Pemberton, Josephine M. and Clutton-Brock, Tim H. and Coulson, Tim},
	title 	= {{The Dynamics of Phenotypic Change and the Shrinking Sheep of St.
	Kilda}},
	volume 	= {325},
	number 	= {5939},
	pages 	= {464--467},
	year 		= {2009},
	journal = {{Science}}
}

@article{Ozgul.2010,
  title		=	{{Coupled Dynamics of Body Mass and Population Growth in Response to
  Environmental Change}},
  author	=	{Ozgul, Arpat and Childs, Dylan Z and Oli, Madan K and Armitage,
  Kenneth B and Blumstein, Daniel T and Olson, Lucretia E and Tuljapurkar,
  Shripad and Coulson, Tim},
  journal	=	{{Nature}},
  volume	=	{466},
  number	=	{7305},
  pages		=	{482--485},
  year		=	{2010},
}

@article{Ozgul.2014,
	author = {Ozgul, Arpat and Bateman, Andrew W. and English, Sinead and Coulson,
	Tim and Clutton-Brock, Tim H.},
	title 	= {{Linking Body Mass and Group Dynamics in an Obligate Cooperative
	Breeder}},
	journal = {{Journal of Animal Ecology}},
	volume 	= {83},
	number 	= {6},
	pages 	= {1357-1366},
	year 		= {2014}
}

@article{Palomares.2000,
	title   = {{Iberian Lynx in a Fragmented Landscape: Predispersal, Dispersal,
	and Postdispersal Habitats}},
	volume  = {14},
	issn    = {08888892},
	doi     = {10.1046/j.1523-1739.2000.98539.x},
	number  = {3},
	journal = {{Conservation Biology}},
	author  = {Palomares, F. and Delibes, M. and Ferreras, P. and Fedriani, J. M.
	and Calzada, J. and Revilla, E.},
	year    = {2000},
	pages   = {809--818},
}

@article{Paniw.2019,
	title   = {{Life History Responses of Meerkats to Seasonal Changes in Extreme
	Environments}},
	volume  = {363},
	doi     = {10.1126/science.aau5905},
	number  = {6427},
	journal = {{Science}},
	author  = {Paniw, Maria and Maag, Nino and Cozzi, Gabriele and Clutton-Brock,
	Tim and Ozgul, Arpat},
	year    = {2019},
	pages   = {631--635},
}

@article{Panzacchi.2016,
	title 	= {{Predicting the Continuum Between Corridors and Barriers to Animal
	Movements Using Step Selection Functions and Randomized Shortest Paths}},
	volume 	= {85},
	number 	= {1},
	journal = {Journal of Animal Ecology},
	author 	= {Panzacchi, Manuela and Van Moorter, Bram and Strand, Olav and
	Saerens, Marco and Kivimäki, Ilkka and St. Clair, Colleen C. and Herfindal,
	Ivar and Boitani, Luigi},
	year 		= {2016},
	pages 	= {32--42},
}

@article{Patterson.2008,
	title 	= {{State–Space Models of Individual Animal Movement}},
	volume 	= {23},
	number 	= {2},
	journal = {{Trends in Ecology \& Evolution}},
	author 	= {Patterson, T and Thomas, L and Wilcox, C and Ovaskainen, O and
	Matthiopoulos, J},
	year 		= {2008},
	pages 	= {87--94},
}

@misc{PeaceParks.2019,
	title 		= {{SADC Protected Areas}},
	author 		= {{Peace Parks Foundation}},
	year 			= {2019},
	note 			= {Accessed 2020-01-15 from
	\url{http://new-ppfmaps.opendata.arcgis.com/datasets/ppf-protected-areas-detailed?geometry=-13.87,-25.558,69.846,-11.001}},
}

@article{Peer.2008,
	title    = {{Incorporating the Perceptual Range of Animals into Connectivity
	Models}},
	volume   = {213},
	doi      = {10.1016/j.ecolmodel.2007.11.020},
	language = {en},
	number   = {1},
	journal  = {{Ecological Modelling}},
	author   = {Pe’er, Guy and Kramer-Schadt, Stephanie},
	year     = {2008},
	pages    = {73--85},
}

@article{Perrin.1999,
	title   = {{Dispersal and Inbreeding Avoidance}},
	volume  = {154},
	number  = {3},
	journal = {{The American Naturalist}},
	year    = {1999},
	author  = {Perrin, Nicolas and Mazalov, Vladimir},
	pages   = {282--292},
}

@article{Perrin.2000,
	title 	= {{Local Competition, Inbreeding, and the Evolution of Sex‐Biased
	Dispersal}},
	volume 	= {155},
	number 	= {1},
	journal = {{The American Naturalist}},
	author 	= {Perrin, Nicolas and Mazalov, Vladimir},
	year 		= {2000},
	pages 	= {116--127},
}

@article{Pettorelli.2011,
	title      = {{The Normalized Difference Vegetation Index (NDVI): Unforeseen
	Successes in Animal Ecology}},
	volume     = {46},
	number     = {1},
	journal    = {{Climate Research}},
	author     = {Pettorelli, N and Ryan, S and Mueller, T and Bunnefeld, N and
	Jedrzejewska, B and Lima, M and Kausrud, K},
	year       = {2011},
	pages      = {15--27}
}

@article{Pinto.2009,
	title 	= {{Beyond the Least-Cost Path: Evaluating Corridor Redundancy Using a
	Graph-Theoretic Approach}},
	volume 	= {24},
	number 	= {2},
	journal = {{Landscape Ecology}},
	author 	= {Pinto, Naiara and Keitt, Timothy H.},
	year 		= {2009},
	pages 	= {253--266},
}

@article{Pitman.2017,
	title   = {{Cats, Connectivity and Conservation: Incorporating Data Sets and
	Integrating Scales for Wildlife Management}},
	volume  = {54},
	number  = {6},
	journal = {{Journal of Applied Ecology}},
	author  = {Pitman, Ross T. and Fattebert, Julien and Williams, Samual T. and
	Williams, Kathryn S. and Hill, Russell A. and Hunter, Luke T. B. and Robinson,
	Hugh and Power, John and Swanepoel, Lourens and Slotow, Rob and Balme, Guy
	A.},
	editor  = {Howe, Caroline},
	year    = {2017},
	pages   = {1687--1698},
}

@article{Pomilia.2015,
	title 	= {{Ecological Predictors of African Wild Dog Ranging Patterns in
	Northern Botswana}},
	volume 	= {96},
	number 	= {6},
	journal = {{Journal of Mammalogy}},
	author 	= {Pomilia, Matthew A. and McNutt, J. Weldon and Jordan, Neil R.},
	year 		= {2015},
	pages 	= {1214--1223},
}

@article{Poor.2012,
	title   = {{Comparing Habitat Suitability and Connectivity Modeling Methods
	for Conserving Pronghorn Migrations}},
	volume  = {7},
	doi     = {10.1371/journal.pone.0049390},
	number  = {11},
	journal = {{PLoS ONE}},
	author  = {Poor, Erin E. and Loucks, Colby and Jakes, Andrew and Urban, Dean
	L.},
	editor  = {Festa-Bianchet, Marco},
	year    = {2012},
	pages   = {e49390},
}

@article{Potts.2014,
	title   = {{A Unifying Framework for Quantifying the Nature of Animal
	Interactions}},
	volume  = {11},
	doi     = {10.1098/rsif.2014.0333},
	number  = {96},
	journal = {{Journal of The Royal Society Interface}},
	author  = {Potts, Jonathan R. and Mokross, Karl and Lewis, Mark A.},
	year    = {2014},
	pages   = {20140333},
}

@article{Powell.2000,
  title     = {{Animal Home Ranges and Territories and Home Range Estimators}},
  author    = {Powell, Roger A},
  journal   = {{Research Techniques in Animal Ecology: Controversies and
  Consequences}},
  volume    = {442},
  pages     = {65--110},
  year      = {2000},
  publisher = {Columbia University Press New York}
}

@article{Pretorius.2019,
  title		= {{Landscape Correlates of Space Use in the Critically Endangered
  African Wild Dog Lycaon pictus}},
  author	= {Pretorius, Mari{\"e}tte E and Seoraj-Pillai, Nimmi and Pillay,
  Neville},
  journal	= {{PLOS ONE}},
  volume	= {14},
  number	= {3},
  pages		= {e0212621},
  year		= {2019},
}

@article{Prokopenko.2017,
	title 		= {{Characterizing Wildlife Behavioural Responses to Roads Using
	Integrated Step Selection Analysis}},
	volume 		= {54},
	number 		= {2},
	journal 	= {{Journal of Applied Ecology}},
	author 		= {Prokopenko, Christina M. and Boyce, Mark S. and Avgar, Tal},
	editor 		= {Tulloch, Ayesha},
	year 			= {2017},
	pages 		= {470--479},
}

@article{Pullinger.2010,
	author     = {Pullinger, Michael G. and Johnson, Chris J.},
	year       = {2010},
	title      = {{Maintaining or Restoring Connectivity of Modified Landscapes:
	Evaluating the Least-Cost Path Model with Multiple Sources of Ecological
	Information}},
	pages      = {1547--1560},
	volume     = {25},
	number     = {10},
	journal    = {{Landscape Ecology}}
}

@Manual{R.2019,
  title        = {{R: A Language and Environment for Statistical Computing}},
  author       = {{R Core Team}},
  organization = {R Foundation for Statistical Computing},
  address      = {Vienna, Austria},
  year         = 2019,
  url          = {https://www.R-project.org}
}

@Manual{Radu.2016,
  title 	= {{TwoStepCLogit: Conditional Logistic Regression: A Two-Step
  Estimation Method}},
  author 	= {Radu V. Craiu and Thierry Duchesne and Daniel Fortin and Sophie
  Baillargeon},
  year 		= {2016},
  note 		= {R package version 1.2.5},
  url 		= {https://CRAN.R-project.org/package=TwoStepCLogit},
}

@article{Rayfield.2010,
	title 	= {{The Sensitivity of Least-Cost Habitat Graphs to Relative Cost
	Surface Values}},
	volume 	= {25},
	number 	= {4},
	journal = {{Landscape Ecology}},
	author 	= {Rayfield, Bronwyn and Fortin, Marie-Josée and Fall, Andrew},
	year 		= {2010},
	pages 	= {519--532},
}

@article{Revilla.2004,
	title   = {{Effects of Matrix Heterogeneity on Animal Dispersal: From
	Individual Behavior to Metapopulation‐Level Parameters}},
	volume  = {164},
	doi     = {10.1086/424767},
	number  = {5},
	journal = {{The American Naturalist}},
	author  = {Revilla, Eloy and Wiegand, Thorsten and Palomares, Francisco and
	Ferreras, Pablo and Delibes, Miguel},
	year    = {2004},
	pages   = {E130--E153},
}

@article{Revilla.2008,
	title   = {{Individual Movement Behavior, Matrix Heterogeneity, and the
	Dynamics of Spatially Structured Populations}},
	volume  = {105},
	doi     = {10.1073/pnas.0801725105},
	number  = {49},
	journal = {{Proceedings of the National Academy of Sciences}},
	author  = {Revilla, E. and Wiegand, T.},
	year    = {2008},
	pages   = {19120--19125},
}

@article{Rudnick.2012,
	title 	= {{The Role of Landscape Connectivity in Planning and Implementing
	Conservation and Restoration Priorities. Issues in Ecology}},
	journal = {{Issues in Ecology}},
	author 	= {Rudnick, Doborah and Ryan, Sadie and Beier, Paul and Cushman,
	Samual and Dieffenbach, Fred and Epps, Clinton and Gerber, Leah and Hartter,
	Joel and Jenness, Jeff and Kintsch, Julia and Merenlender, Adina and Perkl,
	Ryan and Perziosi, Damian and Trombulack, Stephen},
	year 		= {2012},
}

@article{Sawyer.2011,
	title      = {{Placing Linkages among Fragmented Habitats: Do Least-Cost
	Models Reflect How Animals Use Landscapes?}},
	volume     = {48},
	number     = {3},
	journal    = {{Journal of Applied Ecology}},
	author     = {Sawyer, Sarah C. and Epps, Clinton W. and Brashares, Justin S.},
	year       = {2011},
	pages      = {668--678}
}

@article{Schaaf.2015,
	title 		= {{MCD43A4 MODIS/Terra + Aqua BRDF/Albedo Nadir BRDF Adjusted
	RefDaily L3 Global - 500m v006}},
	author 		= {C. Schaaf, Z. Wang},
  journal		=	{{NASA EOSDIS Land Processes DAAC}},
	year 			= {2015},
	note 			= {Accessed 2020-01-15 from \url{https://doi.org/10.5067/MODIS/MCD43A4.006}}
}

@article{Seidel.2018,
	author     = {Seidel, Dana Paige and Dougherty, Eric and Carlson, Colin and
	Getz, Wayne M.},
	year       = {2018},
	title      = {{Ecological Metrics and Methods for GPS Movement Data}},
	pages      = {2272--2293},
	volume     = {32},
	number     = {11},
	journal    = {{International Journal of Geographical Information Science}}
}

@book{Schaller.1973,
	address    = {Chicago},
	title      = {{Golden Shadows, Flying Hooves}},
	publisher  = {University of Chicago Press},
	author     = {Schaller, George B.},
	year       = {1973}
}

@article{Schultz.2001,
	title   = {{Edge-Mediated Dispersal Behavior in a Prairie Butterfly}},
	volume  = {82},
	issn    = {1939-9170},
	doi     = {https: //doi.org/10.1890/0012-9658(2001)082[1879: EMDBIA]2.0.CO;2},
	number  = {7},
	journal = {{Ecology}},
	author  = {Schultz, Cheryl B. and Crone, Elizabeth E.},
	year    = {2001},
	pages   = {1879--1892},
}

@article{Signer.2017,
	title 	= {{Estimating Utilization Distributions from Fitted Step-Selection
	Functions}},
	volume 	= {8},
	number 	= {4},
	journal = {{Ecosphere}},
	author 	= {Signer, Johannes and Fieberg, John and Avgar, Tal},
	year 		= {2017},
	pages 	= {e01771},
}

@article{Somers.2008,
  title		= {{Dynamics of a Small Re-Introduced Population of Wild Dogs over 25
  Years: Allee Effects and the Implications of Sociality for Endangered Species'
  Recovery}},
  author	= {Somers, Michael J and Graf, Jan A and Szykman, Micaela and Slotow,
  Rob and Gusset, Markus},
  journal	= {{Oecologia}},
  volume	= {158},
  number	= {2},
  pages		= {239--247},
  year		= {2008},
}

@article{Spear.2010,
	title 	= {{Use of Resistance Surfaces for Landscape Genetic Studies:
	Considerations for Parameterization and Analysis}},
	volume 	= {19},
	issn 		= {09621083},
	number 	= {17},
	journal = {{Molecular Ecology}},
	author 	= {Spear, Stephen F. and Balkenhol, Niko and Fortin, Marie-Josée and
	Mcrae, Brad H. and Scribner, Kim},
	year 		= {2010},
	pages 	= {3576--3591},
}

@article{Squires.2013,
	title 	= {{Combining Resource Selection and Movement Behavior to Predict
	Corridors for Canada Lynx at their Southern Range Periphery}},
	volume 	= {157},
	journal = {{Biological Conservation}},
	author 	= {Squires, John R. and DeCesare, Nicholas J. and Olson, Lucretia E.
	and Kolbe, Jay A. and Hebblewhite, Mark and Parks, Sean A.},
	year 		= {2013},
	pages 	= {187--195},
}

@Manual{Schwalb.2018,
  title 	= {{getSpatialData: Get Different Kinds of Freely Available Spatial
  Datasets}},
  author 	= {Jakob Schwalb-Willmann},
  year 		= {2018},
  note 		= {R package version 0.0.4},
}

@article{Taylor.1993,
	title 	= {{Connectivity Is a Vital Element of Landscape Structure}},
	volume 	= {68},
	number 	= {3},
	journal = {{OIKOS}},
	author 	= {Taylor, Philip D. and Fahrig, Lenore and Henein, Kringen and
	Merriam, Gray},
	year 		= {1993},
	pages 	= {571--573},
}

@incollection{Taylor.2006,
	address   = {Cambridge},
	title     = {{Landscape Connectivity: A Return to the Basics}},
	isbn      = {978-0-511-75482-1},
	booktitle = {{Connectivity Conservation}},
	publisher = {Cambridge University Press},
	author    = {Taylor, Philip D. and Fahrig, Lenore and With, Kimberly A.},
	editor    = {Crooks, Kevin R. and Sanjayan, M.},
	year      = {2006},
	pages     = {29--43},
}

@article{Tesson.2013,
	title 	= {{Dispersal in a Changing World: Opportunities, Insights and
	Challenges}},
	volume 	= {1},
	issn 		= {2051-3933},
	number 	= {1},
	journal = {{Movement Ecology}},
	author 	= {Tesson, Sylvie VM and Edelaar, Pim},
	year 		= {2013},
}

@Manual{Therneau.2018,
  title 	= {{coxme: Mixed Effects Cox Models}},
  author 	= {Terry M. Therneau},
  year 		= {2018},
  note 		= {R package version 2.2-10},
  url 		= {https://CRAN.R-project.org/package=coxme},
}

@article{Tischendorf.2000,
	title   = {{On the Usage and Measurement of Landscape Connectivity}},
	volume  = {90},
	issn    = {0030-1299, 1600-0706},
	number  = {1},
	journal = {{Oikos}},
	author  = {Tischendorf, Lutz and Fahrig, Lenore},
	year    = {2000},
	pages   = {7--19},
}

@article{Thurfjell.2014,
	author   = {Thurfjell, Henrik and Ciuti, Simone and Boyce, Mark S.},
	year     = {2014},
	title    = {{Applications of Step-Selection Functions in Ecology and
	Conservation}},
	volume   = {2},
	number   = {4},
	journal  = {{Movement Ecology}}
}

@article{Tshipa.2017,
	title 	= {{Partial Migration Links Local Surface-Water Management to
	Large-Scale Elephant Conservation in the World's Largest Transfrontier
	Conservation Area}},
	author 	= {Tshipa, Arnold},
	journal = {{Biological Conservation}},
	year 		= {2017},
 	volume  = {215},
	pages 	= {46-50},
}

@book{Turchin.1998,
	title 		= {{Quantitative Analysis of Movement: Measuring and Modeling
	Population Redistribution in Plants and Animals}},
	publisher = {Sinauer Associates},
	address 	= {Sunderland, MA, USA},
	author 		= {Turchin, Peter},
	year 			= {1998},
}

@article{Valeix.2009,
	title 	= {{How Key Habitat Features Influence Large Terrestrial Carnivore
	Movements: Waterholes and African Lions in a Semi-Arid Savanna of
	North-Western Zimbabwe}},
	journal = {Landscape Ecology},
	author 	= {Valeix, Marion and Loveridge, Andrew J. and Davidson, Zeke and
	Madzikanda, Hillary and Fritz, Hervé and Macdonald, David W.},
  year		= {2009},
  volume	= {25},
	number 	= {3},
  pages		= {337-351}
}

@article{Vanak.2013,
	title   = {{Moving to Stay in Place: Behavioral Mechanisms for Coexistence of
	African Large Carnivores}},
	volume  = {94},
	doi     = {10.1890/13-0217.1},
	number  = {11},
	journal = {{Ecology}},
	author  = {Vanak, Abi Tamim and Fortin, Daniel and Thaker, Maria and Ogden,
	Monika and Owen, Cailey and Greatwood, Sophie and Slotow, Rob},
	year    = {2013},
	pages   = {2619--2631},
}

@article{VanDerMeer.2014,
	title 	= {{Ecological Trap in the Buffer Zone of a Protected Area: Effects of
	Indirect Anthropogenic Mortality on the African Wild Dog (Lycaon pictus)}},
	author 	= {Van der Meer, Esther and Fritz, Hervé and Blinston, Peter and
	Rasmussen, Gregory S.A.},
	journal = {{Oryx}},
	year 		= {2014},
	volume 	= {48},
	number 	= {2},
	pages 	= {285--293},
}

@article{VanDerMeer.2016,
	title 	= {{Large Carnivores as Tourism Flagship Species for the Zimbabwe
	Component of the Kavango Zambezi Transfrontier Conservation Area}},
	volume 	= {46},
	number 	= {2},
	journal = {{African Journal of Wildlife Research}},
	author 	= {Van der Meer, Esther and Badza, Muchaneta N. and Ndhlovu, Aldwin},
	year 		= {2016},
	pages 	= {121--134},
}

@Manual{vanEtten.2018,
  title 	= {{gdistance: Distances and Routes on Geographical Grids}},
  author 	= {Jacob {van Etten}},
  year 		= {2018},
  note 		= {R package version 1.2-2},
}

@article{VanMoorter.2021,
	title   = {{Defining and Quantifying Effective Connectivity of Landscapes for
	Species' Movements}},
	doi     = {10.1111/ecog.05351},
	journal = {{Ecography}},
	author  = {Van Moorter, Bram and Kivimäki, Ilkka and Panzacchi, Manuela and
	Saerens, Marco},
	year    = {2021},
	pages   = {ecog.05351},
}

@article{Vasudev.2015,
	title      = {{From Dispersal Constraints to Landscape Connectivity: Lessons
	from Species Distribution Modeling}},
	volume     = {38},
	number     = {10},
	journal    = {Ecography},
	author     = {Vasudev, Divya and Fletcher, Robert J. and Goswami, Varun R. and
	Krishnadas, Meghna},
	year       = {2015},
	pages      = {967--978}
}

@article{Vasudev.2021,
	title   = {{Detecting Dispersal: A Spatial Dynamic Occupancy Model to Reliably Quantify Connectivity across Heterogeneous Conservation Landscapes}},
	volume  = {253},
	doi     = {10.1016/j.biocon.2020.108874},
	journal = {{Biological Conservation}},
	author  = {Vasudev, Divya and Goswami, Varun R. and Oli, Madan K.},
	year    = {2021},
	pages   = {108874},
}

@article{Warton.2013,
	title 	= {{Advancing our Thinking in Presence-Only and Used-Available
	Analysis}},
	volume 	= {82},
	number 	= {6},
	journal = {{Journal of Animal Ecology}},
	author 	= {Warton, David and Aarts, Geert},
	editor 	= {Manly, Bryan},
	year 		= {2013},
	pages 	= {1125--1134},
}

@article{Weise.2017,
	title 	= {{The Distribution and Numbers of Cheetah (Acinonyx jubatus) in
	Southern Africa}},
	author 	= {Weise, Florian J. and Vijay, Varsha and Jacobson, Andrew P. and
	Schoonover, Rebecca F. and Groom, Rosemary J. and Horgan, Jane and Keeping,
	Derek and Klein, Rebecca and Marnewick, Kelly and Maude, Glyn and Melzheimer,
	Jörg and Mills, Gus and Merwe, Vincent van der and Meer, Esther van der and
	Vuuren, Rudie J. van and Wachter, Bettina and Pimm, Stuart L.},
	journal = {{PeerJ}},
	year 		= {2017},
	volume 	= {5},
	pages 	= {e4096},
}

@article{Western.1975,
	title 	= {{Water Availability and its Influence on the Structure and Dynamics
	of a Savannah Large Mammal Community}},
	volume 	= {13},
	number 	= {3‐4},
	journal = {{African Journal of Ecology}},
	author 	= {Western, David},
	year 		= {1975},
	pages 	= {265--286}
}

@article{Wiegand.2003,
	title   = {{Using Pattern-Oriented Modeling for Revealing Hidden Information:
	A Key for Reconciling Ecological Theory and Application}},
	volume  = {100},
	doi     = {https://doi.org/10.1034/j.1600-0706.2003.12027.x},
	number  = {2},
	journal = {{Oikos}},
	author  = {Wiegand, Thorsten and Jeltsch, Florian and Hanski, Ilkka and Grimm, Volker},
	year    = {2003},
	pages   = {209--222},
}

@article{Whittington.2011,
	title 	= {{Habitat Selection by Transient African Wild Dogs (Lycaon pictus) in
	Northern KwaZulu-Natal, South Africa: Implications for Range Expansion}},
	volume 	= {44},
	number 	= {2},
	journal = {African Journal of Wildlife Research},
	author 	= {Whittington-Jones, Brendan M. and Parker, Dan M. and Bernard, Ric
	T. F. and Davies-Mostert, Harriet T.},
	year 		= {2011},
	pages 	= {135--147},
}

@article{Williams.2019,
	title   = {{Optimizing the Use of Biologgers for Movement Ecology Research}},
	doi     = {10.1111/1365-2656.13094},
	journal = {{Journal of Animal Ecology}},
	author  = {Williams, Hannah J. and Taylor, Lucy A. and Benhamou, Simon and
	Bijleveld, Allert I. and Clay, Thomas A. and Grissac, Sophie and Demšar, Urška
	and English, Holly M. and Franconi, Novella and Gómez‐Laich, Agustina and
	Griffiths, Rachael C. and Kay, William P. and Morales, Juan Manuel and Potts,
	Jonathan R. and Rogerson, Katharine F. and Rutz, Christian and Spelt, Anouk
	and Trevail, Alice M. and Wilson, Rory P. and Börger, Luca},
	editor  = {Gaillard, Jean‐Michel},
	year    = {2019},
}

@article{Wilson.2012,
	title 		= {{Beyond Use Versus Availability: Behaviour-Explicit Resource
	Selection}},
	volume 		= {18},
	number 		= {4},
	journal 	= {{Wildlife Biology}},
	author 		= {Wilson, Ryan R. and Gilbert-Norton, Lynne and Gese, Eric M.},
	year 			= {2012},
	pages 		= {424--430},
}

@article{Wolski.2017,
	title 	= {{Keeping it Simple: Monitoring Flood Extent in Large Data-Poor
	Wetlands Wsing MODIS SWIR Data}},
	volume 	= {57},
	journal = {{International Journal of Applied Earth Observation and
	Geoinformation}},
	author 	= {Wolski, Piotr and Murray-Hudson, Mike and Thito, Kgalalelo and
	Cassidy, Lin},
	year 		= {2017},
	pages 	= {224--234},
}

@Article{Wood.2011,
	title   = {{Fast Stable Restricted Maximum Likelihood and Marginal
	Likelihood Estimation of Semiparametric Generalized Linear Models}},
	journal = {{Journal of the Royal Statistical Society (B)}},
	volume  = {73},
	number  = {1},
	pages   = {3-36},
	year    = {2011},
	author  = {S. N. Wood},
}

@article{Woodroffe.1998,
	title   = {{Edge Effects and the Extinction of Populations Inside Protected
	Areas}},
	volume  = {280},
	doi     = {10.1126/science.280.5372.2126},
	number  = {5372},
	journal = {{Science}},
	author  = {Woodroffe, R. and Ginsberg, Joshua R.},
	year    = {1998},
	pages   = {2126--2128},
}

@article{Woodroffe.1999,
	title   = {{Conserving the African Wild Dog Lycaon pictus. Diagnosing and
	Treating Causes of Decline}},
	volume  = {33},
	doi     = {10.1046/j.1365-3008.1999.00052.x},
	number  = {2},
	journal = {{Oryx}},
	author  = {Woodroffe, Rosie and Ginsberg, Joshua R.},
	year    = {1999},
	pages   = {132--142},
}

@incollection{Woodroffe.2004,
	title      = {{African Wild Dog, Lycaon pictus}},
	booktitle  = {Canids: Foxes, Wolves, Jackals and Dogs},
	publisher  = {IUCN/SSC Canid Specialist Group},
	author     = {Woodroffe, R. and McNutt, J. Weldon and Mills, M. G. L.},
  editor     = {Sillero-Zubiri, Claudio and Hoffmann, Michael and Macdonald,
  David W},
	year       = {2004},
  address    = {Gland, Switzerland and Cambdridge, United Kingdom},
	pages      = {174--183}
}

@article{Woodroffe.2011,
	title   = {{Ranging Behaviour of African Wild Dog Packs in a Human-Dominated
	Landscape: Ranging Behaviour of African Wild Dogs}},
	volume  = {283},
	doi     = {10.1111/j.1469-7998.2010.00747.x},
	number  = {2},
	journal = {{Journal of Zoology}},
	author  = {Woodroffe, R.},
	year    = {2011},
	pages   = {88--97},
}

@article{Woodroffe.2012,
	author   = {Woodroffe, R. and Sillero-Zubiri, C.},
	year     = {2012},
	title    = {Lycaon pictus},
	pages    = {e. T12436A16711116},
	volume   = {2012},
	journal  = {The IUCN Red List of Threatened Species}
}

@article{Woodroffe.2019,
	title 	= {{Dispersal Behaviour of African Wild Dogs in Kenya}},
	journal = {{African Journal of Ecology}},
	author 	= {Woodroffe, Rosie and Rabaiotti, Daniella and Ngatia, Dedan K. and
	Smallwood, Thomas R. C. and Strebel, Stefanie and O'Neill, Helen M. K.},
	year 		= {2019},
}

@article{Worton.1989,
	title   = {{Kernel Methods for Estimating the Utilization Distribution in
	Home-Range Studies}},
	volume  = {70},
	number  = {1},
	journal = {{Ecology}},
	author  = {Worton, B. J.},
	year    = {1989},
	pages   = {164--168},
}

@article{Xiong.2017,
	title 	= {{Nominal 30m Cropland Extent Map of Continental Africa by Integrating
	Pixel-Based and Object-Based Algorithms Using Sentinel-2 and Landsat-8 Data on
	Google Earth Engine}},
	volume 	= {9},
	number 	= {10},
	journal = {{Remote Sensing}},
	author 	= {Xiong, Jun and Thenkabail, Prasad and Tilton, James and Gumma,
	Murali and Teluguntla, Pardhasaradhi and Oliphant, Adam and Congalton, Russell
	and Yadav, Kamini and Gorelick, Noel},
	year 		= {2017},
	pages 	= {1065}
}

@article{Yamazaki.2019,
	author 		= {Yamazaki, Dai and Ikeshima, Daiki and Sosa, Jeison and Bates, Paul
	D. and Allen, George H. and Pavelsky, Tamlin M.},
	title 		= {{MERIT Hydro: A High-Resolution Global Hydrography Map Based on
	Latest Topography Dataset}},
	journal 	= {{Water Resources Research}},
	volume 		= {55},
	number 		= {6},
	pages 		= {5053--5073},
	year 			= {2019}
}

@article{Zeller.2012,
 author   = {Zeller, Katherine A. and McGarigal, Kevin and Whiteley, Andrew R.},
 year     = {2012},
 title    = {{Estimating Landscape Resistance to Movement: A Review}},
 pages    = {777--797},
 volume   = {27},
 number   = {6},
 journal  = {{Landscape Ecology}}
}

@article{Zeller.2016,
 author   = {Zeller, Katherine A. and McGarigal, Kevin and Cushman, Samuel A.
 and Beier, Paul and Vickers, T. Winston and Boyce, Walter M.},
 year     = {2016},
 title    = {{Using Step and Path Selection Functions for Estimating Resistance
 to Movement: Pumas as a Case Study}},
 pages    = {1319--1335},
 volume   = {31},
 number   = {6},
 journal  = {Landscape Ecology}
}

@article{Zeller.2018,
  title			=	{{Are all Data Types and Connectivity Models Created Equal?
  Validating Common Connectivity Approaches with Dispersal Data}},
  author		= {Zeller, Katherine A and Jennings, Megan K and Vickers, T Winston
  and Ernest, Holly B and Cushman, Samuel A and Boyce, Walter M},
  journal		= {Diversity and distributions},
  volume		= {24},
  number		= {7},
  pages			= {868--879},
  year			= {2018},
  publisher	= {Wiley Online Library}
}

@article{Zeller.2020,
	title 	= {{Forecasting Seasonal Habitat Connectivity in a Developing
	Landscape}},
	author 	= {Zeller, Katherine A. and Wattles, David W. and Bauder, Javan M. and
	DeStefano, Stephen},
	volume 	= {9},
	number 	= {7},
	journal = {{Land}},
	year 		= {2020},
	pages 	= {233},
}
